@article{car-doors,
	author = {Jason Torchinsky and David Tracy},
	title = {This Is Why You Can't Unlock A Car Door If Someone Is Trying To Open It At The Same Time},
	note = {\url{https://jalopnik.com/1827837275}},
	year = {2018},
	month = aug,
	date = {20},
	journal = {Jalopnik},
}
@book{ibn-khallikan,
	author = {Ibn Khallik\={a}n},
	title = {{\arabicfont الزما أبناء وأنباء الأعيان وفيات} (Deaths of Eminent Men and History of the Sons of the Epoch)},
	year = {1274},
	label={Kha1274},
}
@inbook{khallikān1868ibn,
	title={Ibn Khallikan's Biographical Dictionary},
	author={Ibn Khallik{\=a}n and de Slane, William MacGuckin},
	volume={III},
	lccn={06045152},
	note={\url{https://books.google.com/books?id=eeE80B81GfgC}},
	year={1868},
	pages={71--73},
	publisher={Oriental translation fund of Great Britain and Ireland},
	label={KdS1868},
}
@article{tal,
	author = {Morrisett, Greg and Walker, David and Crary, Karl and Glew, Neal},
	title = {From System {F} to Typed Assembly Language},
	journal = {ACM Transactions on Programming Languages and Systems},
	issue_date = {May 1999},
	volume = {21},
	number = {3},
	month = may,
	year = {1999},
	issn = {0164-0925},
	pages = {527--568},
	numpages = {42},
	url = {http://doi.acm.org/10.1145/319301.319345},
	doi = {10.1145/319301.319345},
	acmid = {319345},
	publisher = {ACM},
	address = {New York, NY, USA},
	keywords = {certified code, closure conversion, secure extensible systems, type-directed compilation, typed assembly language, typed intermediate languages},
}
@inproceedings{verve,
	author = {Yang, Jean and Hawblitzel, Chris},
	title = {Safe to the Last Instruction: Automated Verification of a Type-safe Operating System},
	booktitle = {Proceedings of the 31st ACM SIGPLAN Conference on Programming Language Design and Implementation},
	series = {PLDI~'10},
	year = {2010},
	isbn = {978-1-4503-0019-3},
	location = {Toronto, Ontario, Canada},
	pages = {99--110},
	numpages = {12},
	url = {http://doi.acm.org/10.1145/1806596.1806610},
	doi = {10.1145/1806596.1806610},
	acmid = {1806610},
	publisher = {ACM},
	address = {New York, NY, USA},
	keywords = {operating system, run-time system, type safety, verification},
}
@misc{deadlockempire,
	title = {The Deadlock Empire},
	author = {Petr Hude\v{c}ek and Michal Pokorn\'{y}},
	howpublished = {\url{http://deadlockempire.github.io/}},
	year = {2016},
}
@misc{tsx-syscall,
	title = {{what} happens if you make even the smallest syscall during {HTM}},
	author = {Ben Blum},
	howpublished = {\url{https://gist.github.com/bblum/10fbcc8ed170192c987fe400031c3e68}},
	year = {2018},
	label = {Blum18c},
}
@techreport{switching-circuits,
	author = {David A. Huffman},
	title = {The Synthesis of Sequential Switching Circuits},
	institution = {Massachusetts Institute of Technology},
	month = {January},
	year = {1954},
	url = {https://core.ac.uk/download/pdf/4382044.pdf},
	number = {274},
}
@techreport{mach-c-threads,
	author = {Eric C. Cooper and Richard P. Draves},
	title = {C Threads},
	institution = {Carnegie Mellon University},
	month = {June},
	year = {1988},
	note = {\url{http://cs.cmu.edu/afs/cs.cmu.edu/project/mach/public/doc/unpublished/threads.ps}},
	number = {CMU-CS-88-154},
}
@techreport{src-threads,
    author = {Andrew D. Birrell},
    title = {An Introduction to Programming with Threads},
    institution = {Digital Equipment Corporation Systems Research Center},
    number = {35},
    year = {1989},
}
@techreport{iso-posix,
	type = {Standard},
	key = {ISO/IEC/IEEE 9945:2009},
	month = sep,
	year = {2009},
	title = {{Information technology -- Portable Operating System Interface (POSIX{\textregistered}) Base Specifications, Issue 7}},
	volume = {2009},
	address = {Geneva, CH},
	institution = {International Organization for Standardization}
}
@misc{pathos,
	title = {Pathos reference kernel},
	author = {Michael J. Sullivan and Elizabeth Fong-Jones},
	year = {2009-2018}
}
@unpublished{ewd35,
	author = "Edsger W. Dijkstra",
	title = "Over de sequentialiteit van procesbeschrijvingen",
	year = "{N.D.}",
	note = "Circulated privately. \url{http://www.cs.utexas.edu/users/EWD/ewd00xx/EWD35.PDF}",
	url = "http://www.cs.utexas.edu/users/EWD/ewd00xx/EWD35.PDF",
	label = {EWD35},
}
@inproceedings{mcrt-stm,
	author = {Saha, Bratin and Adl-Tabatabai, Ali-Reza and Hudson, Richard L. and Minh, Chi Cao and Hertzberg, Benjamin},
	title = {{McRT-STM}: A High Performance Software Transactional Memory System for a Multi-core Runtime},
	booktitle = {Proceedings of the Eleventh ACM SIGPLAN Symposium on Principles and Practice of Parallel Programming},
	series = {PPoPP~'06},
	year = {2006},
	isbn = {1-59593-189-9},
	location = {New York, New York, USA},
	pages = {187--197},
	numpages = {11},
	url = {http://doi.acm.org/10.1145/1122971.1123001},
	doi = {10.1145/1122971.1123001},
	acmid = {1123001},
	publisher = {ACM},
	address = {New York, NY, USA},
	keywords = {atomic constructs, runtime environment, software transactional memory, two-phase locking and read-versioning},
}
@article{afs,
	author = {Howard, John H. and Kazar, Michael L. and Menees, Sherri G. and Nichols, David A. and Satyanarayanan, M. and Sidebotham, Robert N. and West, Michael J.},
	title = {Scale and Performance in a Distributed File System},
	journal = {ACM Trans. Comput. Syst.},
	issue_date = {Feb. 1988},
	volume = {6},
	number = {1},
	month = feb,
	year = {1988},
	issn = {0734-2071},
	pages = {51--81},
	numpages = {31},
	url = {http://doi.acm.org/10.1145/35037.35059},
	doi = {10.1145/35037.35059},
	acmid = {35059},
	publisher = {ACM},
	address = {New York, NY, USA},
}
@article{communicating-sequential-processes,
	author = {Hoare, C. A. R.},
	title = {Communicating Sequential Processes},
	journal = {Commun. ACM},
	issue_date = {Aug. 1978},
	volume = {21},
	number = {8},
	month = aug,
	year = {1978},
	issn = {0001-0782},
	pages = {666--677},
	numpages = {12},
	url = {http://doi.acm.org/10.1145/359576.359585},
	doi = {10.1145/359576.359585},
	acmid = {359585},
	publisher = {ACM},
	address = {New York, NY, USA},
	keywords = {classes, concurrency, conditional critical regions, coroutines, data representations, guarded commands, input, iterative arrays, monitors, multiple entries, multiple exits, nondeterminacy, output, parallel programming, procedures, program structures, programming, programming languages, programming primitives, recursion},
}
@article{anderson1952,
	author = {Anderson, T. W. and Darling, D. A.},
	doi = {10.1214/aoms/1177729437},
	fjournal = {The Annals of Mathematical Statistics},
	journal = {Annals of Mathematical Statistics},
	month = {06},
	number = {2},
	pages = {193--212},
	publisher = {The Institute of Mathematical Statistics},
	title = {Asymptotic Theory of Certain "Goodness of Fit" Criteria Based on Stochastic Processes},
	url = {https://doi.org/10.1214/aoms/1177729437},
	volume = {23},
	year = {1952},
}
@article{amazon-ai,
	author = {Jeffrey Dastin},
	title = {Amazon scraps secret {AI} recruiting tool that showed bias against women},
	note = {\url{https://www.reuters.com/article/idUSKCN1MK08G}},
	year = {2018},
	month = oct,
	date = {7},
	journal = {Reuters},
}
@inproceedings{cspec,
	author = {Tej Chajed and Frans Kaashoek},
	title = {Verifying concurrent software using movers in {CSPEC}},
	booktitle = {Proceedings of the 13th USENIX Conference on Operating Systems Design and Implementation},
	series = {OSDI~'18},
	year = {2018},
	location = {Carlsbad, CA, USA},
	pages = {307--322},
	numpages = {16},
	isbn = {978-1-931971-47-8},
	url = {http://www.usenix.org/system/files/osdi18-chajed.pdf},
	publisher = {USENIX Association},
	address = {Carlsbad, CA, USA},
}
@misc{conceptnet-bias,
	title = {How to make a racist {AI} without really trying},
	author = {Robyn Speer},
	howpublished = {\url{http://blog.conceptnet.io/posts/2017/how-to-make-a-racist-ai-without-really-trying/}},
	year = {2017},
	month = jul,
}
@misc{coq,
	title = {The {Coq} Proof Assistant},
	author = {{inria}},
	howpublished = {\url{https://coq.inria.fr/}},
	year = {1989},
	label = {inria89},
}
@article{compcert,
	author = {Leroy, Xavier},
	title = {Formal Verification of a Realistic Compiler},
	journal = {Commun. ACM},
	issue_date = {July 2009},
	volume = {52},
	number = {7},
	month = jul,
	year = {2009},
	issn = {0001-0782},
	pages = {107--115},
	numpages = {9},
	url = {http://doi.acm.org/10.1145/1538788.1538814},
	doi = {10.1145/1538788.1538814},
	acmid = {1538814},
	publisher = {ACM},
	address = {New York, NY, USA},
}
@article{compcerttso,
	author = {\v{S}ev\v{c}\'{\i}k, Jaroslav and Vafeiadis, Viktor and Zappa Nardelli, Francesco and Jagannathan, Suresh and Sewell, Peter},
	title = {{CompCertTSO}: A Verified Compiler for Relaxed-Memory Concurrency},
	journal = {J. ACM},
	issue_date = {June 2013},
	volume = {60},
	number = {3},
	month = jun,
	year = {2013},
	issn = {0004-5411},
	pages = {22:1--22:50},
	articleno = {22},
	numpages = {50},
	url = {http://doi.acm.org/10.1145/2487241.2487248},
	doi = {10.1145/2487241.2487248},
	acmid = {2487248},
	publisher = {ACM},
	address = {New York, NY, USA},
	keywords = {Relaxed memory models, semantics, verified compilation},
	label = {SVZN$^+$13}
}
@inproceedings{maple,
	author = {Yu, Jie and Narayanasamy, Satish and Pereira, Cristiano and Pokam, Gilles},
	title = {Maple: A Coverage-driven Testing Tool for Multithreaded Programs},
	booktitle = {Proceedings of the ACM International Conference on Object Oriented Programming Systems Languages and Applications},
	series = {OOPSLA~'12},
	year = {2012},
	isbn = {978-1-4503-1561-6},
	location = {Tucson, Arizona, USA},
	pages = {485--502},
	numpages = {18},
	url = {http://doi.acm.org/10.1145/2384616.2384651},
	doi = {10.1145/2384616.2384651},
	acmid = {2384651},
	publisher = {ACM},
	address = {New York, NY, USA},
	keywords = {concurrency, coverage, debugging, idioms, testing},
}
@inproceedings{avio,
	author = {Lu, Shan and Tucek, Joseph and Qin, Feng and Zhou, Yuanyuan},
	title = {{AVIO}: Detecting Atomicity Violations via Access Interleaving Invariants},
	booktitle = {Proceedings of the 12th International Conference on Architectural Support for Programming Languages and Operating Systems},
	series = {ASPLOS XII},
	year = {2006},
	isbn = {1-59593-451-0},
	location = {San Jose, California, USA},
	pages = {37--48},
	numpages = {12},
	url = {http://doi.acm.org/10.1145/1168857.1168864},
	doi = {10.1145/1168857.1168864},
	acmid = {1168864},
	publisher = {ACM},
	address = {New York, NY, USA},
	keywords = {atomicity violation, bug detection, concurrency bug, concurrent program, hardware support, program invariant},
}
@inproceedings{taxdc,
	author = {Leesatapornwongsa, Tanakorn and Lukman, Jeffrey F. and Lu, Shan and Gunawi, Haryadi S.},
	title = {{TaxDC}: A Taxonomy of Non-Deterministic Concurrency Bugs in Datacenter Distributed Systems},
	booktitle = {Proceedings of the Twenty-First International Conference on Architectural Support for Programming Languages and Operating Systems},
	series = {ASPLOS~'16},
	year = {2016},
	isbn = {978-1-4503-4091-5},
	location = {Atlanta, Georgia, USA},
	pages = {517--530},
	numpages = {14},
	url = {http://doi.acm.org/10.1145/2872362.2872374},
	doi = {10.1145/2872362.2872374},
	acmid = {2872374},
	publisher = {ACM},
	address = {New York, NY, USA},
	keywords = {concurrency bugs, distributed systems, software testing},
}
@article{haskell,
	author = {Hudak, Paul and Peyton Jones, Simon and Wadler, Philip and Boutel, Brian and Fairbairn, Jon and Fasel, Joseph and Guzm\'{a}n, Mar\'{\i}a M. and Hammond, Kevin and Hughes, John and Johnsson, Thomas and Kieburtz, Dick and Nikhil, Rishiyur and Partain, Will and Peterson, John},
	title = {Report on the Programming Language {Haskell}: A Non-strict, Purely Functional Language Version 1.2},
	journal = {SIGPLAN Not.},
	issue_date = {May 1992},
	volume = {27},
	number = {5},
	month = may,
	year = {1992},
	issn = {0362-1340},
	pages = {1--164},
	numpages = {164},
	url = {http://doi.acm.org/10.1145/130697.130699},
	doi = {10.1145/130697.130699},
	acmid = {130699},
	publisher = {ACM},
	address = {New York, NY, USA},
}
@book{erlang,
	author = {Virding, Robert and Wikstr\"{o}m, Claes and Williams, Mike},
	editor = {Armstrong, Joe},
	title = {Concurrent Programming in ERLANG (2nd Ed.)},
	year = {1996},
	isbn = {0-13-508301-X},
	publisher = {Prentice Hall International (UK) Ltd.},
	address = {Hertfordshire, UK, UK},
}
@inproceedings{contessa,
	author = {Kundu, Sudipta and Ganai, Malay K. and Wang, Chao},
	title = {{CONTESSA}: Concurrency Testing Augmented with Symbolic Analysis},
	booktitle = {Proceedings of the 22nd International Conference on Computer Aided Verification},
	series = {CAV~'10},
	year = {2010},
	isbn = {3-642-14294-X, 978-3-642-14294-9},
	location = {Edinburgh, UK},
	pages = {127--131},
	numpages = {5},
	url = {http://dx.doi.org/10.1007/978-3-642-14295-6_13},
	doi = {10.1007/978-3-642-14295-6_13},
	acmid = {2144326},
	publisher = {Springer-Verlag},
	address = {Berlin, Heidelberg},
}
@article{symbolic-execution,
	author = {King, James C.},
	title = {Symbolic Execution and Program Testing},
	journal = {Commun. ACM},
	issue_date = {July 1976},
	volume = {19},
	number = {7},
	month = jul,
	year = {1976},
	issn = {0001-0782},
	pages = {385--394},
	numpages = {10},
	url = {http://doi.acm.org/10.1145/360248.360252},
	doi = {10.1145/360248.360252},
	acmid = {360252},
	publisher = {ACM},
	address = {New York, NY, USA},
	keywords = {program debugging, program proving, program testing, program verification, symbolic execution, symbolic interpretation},
	label = {King76},
}
@inproceedings{lvish,
	author = {Kuper, Lindsey and Todd, Aaron and Tobin-Hochstadt, Sam and Newton, Ryan R.},
	title = {Taming the Parallel Effect Zoo: Extensible Deterministic Parallelism with {LVish}},
	booktitle = {Proceedings of the 35th ACM SIGPLAN Conference on Programming Language Design and Implementation},
	series = {PLDI~'14},
	year = {2014},
	isbn = {978-1-4503-2784-8},
	location = {Edinburgh, United Kingdom},
	pages = {2--14},
	numpages = {13},
	url = {http://doi.acm.org/10.1145/2594291.2594312},
	doi = {10.1145/2594291.2594312},
	acmid = {2594312},
	publisher = {ACM},
	address = {New York, NY, USA},
	keywords = {deterministic parallelism},
}
@inproceedings{tlc,
	author = {Yu, Yuan and Manolios, Panagiotis and Lamport, Leslie},
	title = {Model Checking {TLA+} Specifications},
	booktitle = {Proceedings of the 10th IFIP WG 10.5 Advanced Research Working Conference on Correct Hardware Design and Verification Methods},
	series = {CHARME~'99},
	year = {1999},
	isbn = {3-540-66559-5},
	pages = {54--66},
	numpages = {13},
	url = {http://dl.acm.org/citation.cfm?id=646704.702012},
	acmid = {702012},
	publisher = {Springer-Verlag},
	address = {London, UK, UK},
}
@book{tlaplus,
	author = {Lamport, Leslie},
	title = {Specifying Systems: The {TLA+} Language and Tools for Hardware and Software Engineers},
	year = {2002},
	isbn = {032114306X},
	publisher = {Addison-Wesley Longman Publishing Co., Inc.},
	address = {Boston, MA, USA},
}
@inproceedings{sofritas,
	author = {DeLozier, Christian and Eizenberg, Ariel and Lucia, Brandon and Devietti, Joseph},
	title = {{SOFRITAS}: Serializable Ordering-Free Regions for Increasing Thread Atomicity Scalably},
	booktitle = {Proceedings of the Twenty-Third International Conference on Architectural Support for Programming Languages and Operating Systems},
	series = {ASPLOS~'18},
	year = {2018},
	isbn = {978-1-4503-4911-6},
	location = {Williamsburg, VA, USA},
	pages = {286--300},
	numpages = {15},
	url = {http://doi.acm.org/10.1145/3173162.3173192},
	doi = {10.1145/3173162.3173192},
	acmid = {3173192},
	publisher = {ACM},
	address = {New York, NY, USA},
	keywords = {C, C++, atomicity, data races, region serializability},
}
@inproceedings{txrace,
	author = {Zhang, Tong and Lee, Dongyoon and Jung, Changhee},
	title = {{TxRace}: Efficient Data Race Detection Using Commodity Hardware Transactional Memory},
	booktitle = {Proceedings of the Twenty-First International Conference on Architectural Support for Programming Languages and Operating Systems},
	series = {ASPLOS~'16},
	year = {2016},
	isbn = {978-1-4503-4091-5},
	location = {Atlanta, Georgia, USA},
	pages = {159--173},
	numpages = {15},
	url = {http://doi.acm.org/10.1145/2872362.2872384},
	doi = {10.1145/2872362.2872384},
	acmid = {2872384},
	publisher = {ACM},
	address = {New York, NY, USA},
	keywords = {concurrency bug detection, data race, dynamic program analysis, hardware transactional memory},
}
@inproceedings{bugtm,
	author = {Yuxi Chen and Shu Wang and Shan Lu and Karthikeyan Sankaralingam},
	title = {Applying Hardware Transactional Memory for Concurrency-Bug Failure Recovery in Production Runs},
	booktitle = {Proceedings of the Twenty-Third International Conference on Architectural Support for Programming Languages and Operating Systems},
	series = {ASPLOS~'18},
	year = {2018},
	pages = {837--850},
	numpages = {14},
	isbn = {978-1-931971-44-7},
	location = {Boston, MA, USA},
}
@inproceedings{applying-tm-bugs,
	author = {Volos, Haris and Tack, Andres Jaan and Swift, Michael M. and Lu, Shan},
	title = {Applying Transactional Memory to Concurrency Bugs},
	booktitle = {Proceedings of the Seventeenth International Conference on Architectural Support for Programming Languages and Operating Systems},
	series = {ASPLOS XVII},
	year = {2012},
	isbn = {978-1-4503-0759-8},
	location = {London, England, UK},
	pages = {211--222},
	numpages = {12},
	url = {http://doi.acm.org/10.1145/2150976.2150999},
	doi = {10.1145/2150976.2150999},
	acmid = {2150999},
	publisher = {ACM},
	address = {New York, NY, USA},
	keywords = {atomicity violation, concurrency bug, concurrent program, deadlock, debugging, transactional memory},
}
@inproceedings{scalable-tm,
	author = {Nguyen, Donald and Pingali, Keshav},
	title = {What Scalable Programs Need from Transactional Memory},
	booktitle = {Proceedings of the Twenty-Second International Conference on Architectural Support for Programming Languages and Operating Systems},
	series = {ASPLOS~'17},
	year = {2017},
	isbn = {978-1-4503-4465-4},
	location = {Xi'an, China},
	pages = {105--118},
	numpages = {14},
	url = {http://doi.acm.org/10.1145/3037697.3037750},
	doi = {10.1145/3037697.3037750},
	acmid = {3037750},
	publisher = {ACM},
	address = {New York, NY, USA},
	keywords = {programming models, scalability, stampede benchmarks, transactional memory, transactions},
}
@article{htm-subtleties,
	author = {Martin, Milo and Blundell, Colin and Lewis, E.},
	title = {Subtleties of Transactional Memory Atomicity Semantics},
	journal = {IEEE Comput. Archit. Lett.},
	issue_date = {July 2006},
	volume = {5},
	number = {2},
	month = jul,
	year = {2006},
	issn = {1556-6056},
	pages = {17--17},
	numpages = {1},
	url = {https://doi.org/10.1109/L-CA.2006.18},
	doi = {10.1109/L-CA.2006.18},
	acmid = {1251589},
	publisher = {IEEE Computer Society},
	address = {Washington, DC, USA},
	keywords = {Computer Systems Organization, Concurrent, Concurrent, distributed, and parallel languages, Language Classifications, Programming Languages, Software/Software Engineering, Multi-core/single-chip multiprocessors, Parallel Architectures, Processor Architectures, Computer Systems Organization, Multiple Data Stream Architectures (Multiprocessors), Processor Architectures, Computer Systems Organization, Language Classifications, Multi-core/single-chip multiprocessors, Multiple Data Stream Architectures (Multiprocessors), Parallel Architectures, Processor Architectures, Programming Languages, Software/Software Engineering, and parallel languages, distributed},
}
@inproceedings{certikos,
	author = {Gu, Ronghui and Shao, Zhong and Chen, Hao and Wu, Xiongnan and Kim, Jieung and Sj\"{o}berg, Vilhelm and Costanzo, David},
	title = {{CertiKOS}: An Extensible Architecture for Building Certified Concurrent {OS} Kernels},
	booktitle = {Proceedings of the 12th USENIX Conference on Operating Systems Design and Implementation},
	series = {OSDI~'16},
	year = {2016},
	isbn = {978-1-931971-33-1},
	location = {Savannah, GA, USA},
	pages = {653--669},
	numpages = {17},
	url = {http://dl.acm.org/citation.cfm?id=3026877.3026928},
	acmid = {3026928},
	publisher = {USENIX Association},
	address = {Berkeley, CA, USA},
}
@inproceedings{hyperkernel,
	author = {Nelson, Luke and Sigurbjarnarson, Helgi and Zhang, Kaiyuan and Johnson, Dylan and Bornholt, James and Torlak, Emina and Wang, Xi},
	title = {Hyperkernel: Push-Button Verification of an {OS} Kernel},
	booktitle = {Proceedings of the 26th Symposium on Operating Systems Principles},
	series = {SOSP~'17},
	year = {2017},
	isbn = {978-1-4503-5085-3},
	location = {Shanghai, China},
	pages = {252--269},
	numpages = {18},
	url = {http://doi.acm.org/10.1145/3132747.3132748},
	doi = {10.1145/3132747.3132748},
	acmid = {3132748},
	publisher = {ACM},
	address = {New York, NY, USA},
}
@inproceedings{novices-programmers,
	author = {Alqadi, Basma S. and Maletic, Jonathan I.},
	title = {An Empirical Study of Debugging Patterns Among Novices Programmers},
	booktitle = {Proceedings of the 2017 ACM SIGCSE Technical Symposium on Computer Science Education},
	series = {SIGCSE~'17},
	year = {2017},
	isbn = {978-1-4503-4698-6},
	location = {Seattle, Washington, USA},
	pages = {15--20},
	numpages = {6},
	url = {http://doi.acm.org/10.1145/3017680.3017761},
	doi = {10.1145/3017680.3017761},
	acmid = {3017761},
	publisher = {ACM},
	address = {New York, NY, USA},
	keywords = {debugging, logical errors, novice programmers, user study},
}
@inproceedings{rc11,
	author = {Lahav, Ori and Vafeiadis, Viktor and Kang, Jeehoon and Hur, Chung-Kil and Dreyer, Derek},
	title = {Repairing Sequential Consistency in {C/C++11}},
	booktitle = {Proceedings of the 38th ACM SIGPLAN Conference on Programming Language Design and Implementation},
	series = {PLDI 2017},
	year = {2017},
	isbn = {978-1-4503-4988-8},
	location = {Barcelona, Spain},
	pages = {618--632},
	numpages = {15},
	url = {http://doi.acm.org/10.1145/3062341.3062352},
	doi = {10.1145/3062341.3062352},
	acmid = {3062352},
	publisher = {ACM},
	address = {New York, NY, USA},
	keywords = {C++11, Weak memory models, declarative semantics, sequential consistency},
}
@inproceedings{cdschecker,
	author = {Norris, Brian and Demsky, Brian},
	title = {{CDSchecker}: Checking Concurrent Data Structures Written with {C/C++} Atomics},
	booktitle = {Proceedings of the 2013 ACM SIGPLAN International Conference on Object Oriented Programming Systems Languages \& Applications},
	series = {OOPSLA~'13},
	year = {2013},
	isbn = {978-1-4503-2374-1},
	location = {Indianapolis, Indiana, USA},
	pages = {131--150},
	numpages = {20},
	url = {http://doi.acm.org/10.1145/2509136.2509514},
	doi = {10.1145/2509136.2509514},
	acmid = {2509514},
	publisher = {ACM},
	address = {New York, NY, USA},
	keywords = {model checking, relaxed memory model},
}
@inproceedings{nidhugg,
	author = {Abdulla, Parosh Aziz and Aronis, Stavros and Atig, Mohamed Faouzi and Jonsson, Bengt and Leonardsson, Carl and Sagonas, Konstantinos},
	title = {Stateless Model Checking for {TSO} and {PSO}},
	booktitle = {Proceedings of the 21st International Conference on Tools and Algorithms for the Construction and Analysis of Systems - Volume 9035},
	year = {2015},
	isbn = {978-3-662-46680-3},
	pages = {353--367},
	numpages = {15},
	url = {https://doi.org/10.1007/978-3-662-46681-0_28},
	doi = {10.1007/978-3-662-46681-0_28},
	acmid = {2945622},
	publisher = {Springer-Verlag},
	address = {Berlin, Heidelberg},
}
@inproceedings{mcr-tsopso,
	author = {Huang, Shiyou and Huang, Jeff},
	title = {Maximal Causality Reduction for {TSO} and {PSO}},
	booktitle = {Proceedings of the 2016 ACM SIGPLAN International Conference on Object-Oriented Programming, Systems, Languages, and Applications},
	series = {OOPSLA 2016},
	year = {2016},
	isbn = {978-1-4503-4444-9},
	location = {Amsterdam, Netherlands},
	pages = {447--461},
	numpages = {15},
	url = {http://doi.acm.org/10.1145/2983990.2984025},
	doi = {10.1145/2983990.2984025},
	acmid = {2984025},
	publisher = {ACM},
	address = {New York, NY, USA},
	keywords = {Maximal Causality Reduction, Model Checking, PSO, TSO},
}
@inproceedings{transdpor,
	author = {Tasharofi, Samira and Karmani, Rajesh K. and Lauterburg, Steven and Legay, Axel and Marinov, Darko and Agha, Gul},
	title = {{TransDPOR}: A Novel Dynamic Partial-order Reduction Technique for Testing Actor Programs},
	booktitle = {Proceedings of the 14th Joint IFIP WG 6.1 International Conference and Proceedings of the 32nd IFIP WG 6.1 International Conference on Formal Techniques for Distributed Systems},
	series = {FMOODS~'12/FORTE~'12},
	year = {2012},
	isbn = {978-3-642-30792-8},
	location = {Stockholm, Sweden},
	pages = {219--234},
	numpages = {16},
	url = {http://dx.doi.org/10.1007/978-3-642-30793-5_14},
	doi = {10.1007/978-3-642-30793-5_14},
	acmid = {2366663},
	publisher = {Springer-Verlag},
	address = {Berlin, Heidelberg},
}
@inproceedings{partial-model-checking,
	author = {Godefroid, Patrice and Wolper, Pierre},
	title = {A Partial Approach to Model Checking},
	booktitle = {Papers Presented at the IEEE Symposium on Logic in Computer Science},
	year = {1994},
	location = {Amsterdam, The Netherlands},
	pages = {305--326},
	numpages = {22},
	url = {http://dx.doi.org/10.1006/inco.1994.1035},
	doi = {10.1006/inco.1994.1035},
	acmid = {185271},
	publisher = {Academic Press, Inc.},
	address = {Orlando, FL, USA},
}
@phdthesis{this-thesis,
	author       = {Ben Blum},
	title        = {Practical Concurrency Testing, or: How I Learned to Stop Worrying and Love the Exponential Explosion},
	school       = {Carnegie Mellon University},
	year         = {2018},
	address      = {Pittsburgh, PA, USA},
	label        = {Blum18d},
}
@inproceedings{concuerror,
	author = {Christakis, Maria and Gotovos, Alkis and Sagonas, Konstantinos},
	title = {Systematic Testing for Detecting Concurrency Errors in {Erlang} Programs},
	booktitle = {Proceedings of the 2013 IEEE Sixth International Conference on Software Testing, Verification and Validation},
	series = {ICST~'13},
	year = {2013},
	isbn = {978-0-7695-4968-2},
	pages = {154--163},
	numpages = {10},
	url = {https://doi.org/10.1109/ICST.2013.50},
	doi = {10.1109/ICST.2013.50},
	acmid = {2511596},
	publisher = {IEEE Computer Society},
	address = {Washington, DC, USA},
}
@misc{relacy,
	title = {Relacy Race Detector},
	author = {Dmitry Vyukov},
	institution = {Google},
	howpublished = {\url{https://github.com/dvyukov/relacy}},
	year = {2011},
}
@misc{beware-kolmogorov-smirnov,
	author = {Eric Feigelson and G. Jogesh Babu},
	title = {Beware the {Kolmogorov-Smirnov} test!},
	institution = {Penn State University},
	howpublished = {\url{https://asaip.psu.edu/Articles/beware-the-kolmogorov-smirnov-test}},
	year = {2013},
}
@misc{xkcd-jellybeans,
	author = {Randall Munroe},
	title = {Significance},
	year = {2011},
	howpublished = {\url{https://xkcd.com/882/}},
}
@article{anderson-darling,
	author = {F. W. Scholz and M. A. Stephens},
	title = {K-Sample {Anderson–Darling} Tests},
	journal = {Journal of the American Statistical Association},
	volume = {82},
	number = {399},
	pages = {918-924},
	year  = {1987},
	publisher = {Taylor \& Francis},
	doi = {10.1080/01621459.1987.10478517},
	url = {https://doi.org/10.1080/01621459.1987.10478517},
}
@manual{r-ksamples,
  title = {{kSamples}: K-Sample Rank Tests and their Combinations},
  author = {Fritz Scholz and Angie Zhu},
  year = {2018},
  note = {R package version 1.2-8. \url{https://CRAN.R-project.org/package=kSamples}},
}
@manual{r-lang,
	title = {R: A Language and Environment for Statistical Computing},
	author = {{R Core Team}},
	organization = {R Foundation for Statistical Computing},
	address = {Vienna, Austria},
	year = {2018},
	url = {https://www.R-project.org/},
	label = {R18},
}
@article{fishers-exact-test,
	author = {R. A. Fisher},
	title = {On the interpretation of $\chi^2$ from contingency tables, and the calculation of {P}},
	year = 1922,
	journal = {Journal of the Royal Statistical Society},
	volume = {85},
	number = {1},
	pages = {87--94},
}
@inproceedings{progress-bar,
	author = {Myers, Brad A.},
	title = {The Importance of Percent-done Progress Indicators for Computer-human Interfaces},
	booktitle = {Proceedings of the SIGCHI Conference on Human Factors in Computing Systems},
	series = {CHI~'85},
	year = {1985},
	isbn = {0-89791-149-0},
	location = {San Francisco, California, USA},
	pages = {11--17},
	numpages = {7},
	url = {http://doi.acm.org/10.1145/317456.317459},
	doi = {10.1145/317456.317459},
	acmid = {317459},
	publisher = {ACM},
	address = {New York, NY, USA},
	keywords = {progress indicators, user interfaces, window managers},
}
@inproceedings{estimating-search-tree-size,
	author = {Kilby, Philip and Slaney, John and Thi{\'e}baux, Sylvie and Walsh, Toby},
	title = {Estimating Search Tree Size},
	booktitle = {Proceedings of the 21st National Conference on Artificial Intelligence - Volume 2},
	series = {AAAI~'06},
	year = {2006},
	isbn = {978-1-57735-281-5},
	location = {Boston, Massachusetts},
	pages = {1014--1019},
	numpages = {6},
	url = {http://dl.acm.org/citation.cfm?id=1597348.1597350},
	acmid = {1597350},
	publisher = {AAAI Press},
}
@article{rcmc,
	author = {Kokologiannakis, Michalis and Lahav, Ori and Sagonas, Konstantinos and Vafeiadis, Viktor},
	title = {Effective Stateless Model Checking for {C/C++} Concurrency},
	journal = {Proceedings of the 46th Annual ACM SIGPLAN-SIGACT Symposium on Principles of Programming Languages},
	issue_date = {January 2018},
	volume = {2},
	number = {POPL},
	month = dec,
	year = {2017},
	issn = {2475-1421},
	pages = {17:1--17:32},
	articleno = {17},
	numpages = {32},
	url = {http://doi.acm.org/10.1145/3158105},
	doi = {10.1145/3158105},
	acmid = {3158105},
	publisher = {ACM},
	address = {New York, NY, USA},
	keywords = {C/C++11, RC11, software model checking, weak memory models},
}
@article{intel-disable-tsx,
	author = {Mike Hachman},
	title = {{Intel} finds specialized {TSX} enterprise bug on {Haswell}, {Broadwell} {CPUs}},
	url = {https://www.pcworld.com/article/2464880/intel-finds-specialized-tsx-enterprise-bug-on-haswell-broadwell-cpus.html},
	year = 2014,
	journal = {PCWorld},
}
@misc{intel-tsx-update,
	author = {Intel},
	title = {6th Generation {Intel} Processor Family Specification Update},
	howpublished = {\url{https://www3.intel.com/content/dam/www/public/us/en/documents/specification-updates/desktop-6th-gen-core-family-spec-update.pdf}},
	year = 2017,
	label = {Intel17},
}
@phdthesis{sully-thesis,
	author       = {Michael J. Sullivan},
	title        = {Low-level Concurrent Programming Using the Relaxed Memory Calculus},
	school       = {Carnegie Mellon University},
	year         = {2017},
	address      = {Pittsburgh, PA, USA},
	label        = {Sul17b},
}
@misc{tsx-need-barrier,
	title = {Demonstration of the need for a barrier in {TSX} failure paths},
	author = {Ben Blum},
	howpublished = {\url{https://gist.github.com/bblum/85f64858a35a74641be228f191144911}},
	year = {2018},
	label = {Blum18b},
}
@inproceedings{relaxed-transactions-pldi,
	author = {Chong, Nathan and Sorensen, Tyler and Wickerson, John},
	title = {The Semantics of Transactions and Weak Memory in x86, {Power}, {ARM}, and {C++}},
	booktitle = {Proceedings of the 39th ACM SIGPLAN Conference on Programming Language Design and Implementation},
	series = {PLDI 2018},
	year = {2018},
	isbn = {978-1-4503-5698-5},
	location = {Philadelphia, PA, USA},
	pages = {211--225},
	numpages = {15},
	url = {http://doi.acm.org/10.1145/3192366.3192373},
	doi = {10.1145/3192366.3192373},
	acmid = {3192373},
	publisher = {ACM},
	address = {New York, NY, USA},
	keywords = {Program Synthesis, Shared Memory Concurrency, Transactional Memory, Weak Memory},
}
@article{relaxed-transactions-popl,
	author = {Dongol, Brijesh and Jagadeesan, Radha and Riely, James},
	title = {Transactions in Relaxed Memory Architectures},
	journal = {Proceedings of the 45th Annual ACM SIGPLAN-SIGACT Symposium on Principles of Programming Languages},
	issue_date = {January 2018},
	volume = {2},
	number = {POPL},
	month = dec,
	year = {2017},
	issn = {2475-1421},
	pages = {18:1--18:29},
	articleno = {18},
	numpages = {29},
	url = {http://doi.acm.org/10.1145/3158106},
	doi = {10.1145/3158106},
	acmid = {3158106},
	publisher = {ACM},
	address = {New York, NY, USA},
	keywords = {Hardware Transactional Memory, Relaxed Memory Models},
}
@inproceedings{stamp,
	author = {Minh, Chi Cao and Chung, JaeWoong and Kozyrakis, Christos and Olukotun, Kunle},
	title = {{STAMP}: Stanford Transactional Applications for Multi-Processing},
	booktitle = {Proceedings of the IEEE Workload Characterization Symposium},
	series = {IISWC~'08},
	doi = {10.1109/IISWC.2008.4636089},
	isbn = {978-1-4244-2778-9},
	keywords = {dblp},
	pages = {35-46},
	publisher = {IEEE Computer Society},
	url = {http://csl.stanford.edu/~christos/publications/2008.stamp.iiswc.pdf},
	year = 2008,
}
@inproceedings{opentm,
	author = {Baek, Woongki and Minh, Chi Cao and Trautmann, Martin and Kozyrakis, Christos and Olukotun, Kunle},
	title = {The {OpenTM} Transactional Application Programming Interface},
	booktitle = {Proceedings of the 16th International Conference on Parallel Architecture and Compilation Techniques},
	series = {PACT~'07},
	year = {2007},
	isbn = {0-7695-2944-5},
	pages = {376--387},
	numpages = {12},
	url = {https://doi.org/10.1109/PACT.2007.74},
	doi = {10.1109/PACT.2007.74},
	acmid = {1299064},
	publisher = {IEEE Computer Society},
	address = {Washington, DC, USA},
}
@book{partial-order-methods,
	author = {Godefroid, Patrice},
	editor = {Leeuwen, J. van and Hartmanis, J. and Goos, G.},
	title = {Partial-Order Methods for the Verification of Concurrent Systems: An Approach to the State-Explosion Problem},
	year = {1996},
	isbn = {3540607617},
	publisher = {Springer-Verlag},
	address = {Berlin, Heidelberg},
}
@phdthesis{dbug-phdthesis,
	author       = {Jiri Simsa},
	title        = {Systematic and Scalable Testing of Concurrent Programs},
	school       = {Carnegie Mellon University},
	year         = {2013},
	address      = {Pittsburgh, PA, USA},
}
@misc{lock-elision,
	title = {Hardware Lock Elision Overview},
	author = {Intel},
	howpublished = {\url{https://software.intel.com/en-us/node/683688}},
	year = {2013},
	label = {Intel13},
}
@misc{htm-leveldb-github,
	author = {Vamsi Chitters},
	title = {leveldb-tsx},
	year = {2014},
	howpublished = {\url{https://github.com/vamsikc/leveldb-tsx/}},
	note = {Spinlock implementation found at {\tt ext/\allowbreak{}xsync/\allowbreak{}include/\allowbreak{}spinlock-rtm.hpp}},
}
@misc{spinlock-rtm-github,
	author = {Austin Seipp},
	title = {Transactional memory on {Haswell}},
	year = {2013},
	howpublished = {\url{https://gist.github.com/thoughtpolice/7123036}},
}
@misc{de0u-2018,
	author = {Eckhardt, David},
	howpublished = {Personal communication},
	year = 2018,
	label = {Eck18f},
}
@inproceedings{dejafu,
	author = {Walker, Michael and Runciman, Colin},
	title = {D{\'e}J\`{a} Fu: A Concurrency Testing Library for {Haskell}},
	booktitle = {Proceedings of the 2015 ACM SIGPLAN Symposium on Haskell},
	series = {Haskell~'15},
	year = {2015},
	isbn = {978-1-4503-3808-0},
	location = {Vancouver, BC, Canada},
	pages = {141--152},
	numpages = {12},
	url = {http://doi.acm.org/10.1145/2804302.2804306},
	doi = {10.1145/2804302.2804306},
	acmid = {2804306},
	publisher = {ACM},
	address = {New York, NY, USA},
	keywords = {Concurrency, Haskell, functional programming, nondeterminism, systematic concurrency testing},
}
@mastersthesis{willgrind,
	author = {Naciri, William},
	title = {Bug Finding Methods for Multithreaded Student Programming Projects},
	school = {Virginia Tech University},
	month = {June},
	year = {2017},
	url = {https://vtechworks.lib.vt.edu/bitstream/handle/10919/78675/Naciri_WM_T_2017.pdf},
}
@misc{synchronization-2,
	author = {David A. Eckhardt},
	title = {Synchronization (2)},
	institution = {Carnegie Mellon University},
	year = {2018},
	howpublished = {\url{http://www.cs.cmu.edu/~410-s18/lectures/L08b_Synch.pdf}},
	label = {Eck18c},
}
@misc{deadlock,
	author = {David A. Eckhardt},
	title = {Deadlock (1)},
	institution = {Carnegie Mellon University},
	year = {2018},
	howpublished = {\url{https://www.cs.cmu.edu/~410-s18/lectures/L11_Deadlock.pdf}},
	label = {Eck18e},
}
@misc{paradise-lost,
	author = {David A. Eckhardt},
	title = {{Paradise Lost}},
	institution = {Carnegie Mellon University},
	year = {2018},
	howpublished = {\url{http://www.cs.cmu.edu/~410-s18/lectures/L13a_Lost.pdf}},
	label = {Eck18d},
}
@inproceedings{sigbovik-htm,
	author = {Blum, Ben},
	title = {Transactional Memory Concurrency Verification with {Landslide}},
	booktitle = {Proceedings of the 12th ACH SIGBOVIK Conference in Celebration of Harry Q. Bovik's $2^6$th Birthday},
	series = {SIGBOVIK~'18},
	year = {2018},
	location = {Pittsburgh, PA, USA},
	pages = {143--151},
	numpages = {9},
	url = {http://sigbovik.org/2018/proceedings.pdf},
	publisher = {ACH},
	address = {Pittsburgh, PA, USA},
	label = {Blum18a},
}
@misc{intel-tsx-overview,
	author = {Intel},
	title = {Transactional Synchronization Extensions ({TSX}) Overview},
	year = {2018},
	howpublished = {\url{https://software.intel.com/en-us/node/524022}},
	label = {Intel18},
}
@inproceedings{x86-semantics,
	author = {Sarkar, Susmit and Sewell, Peter and Nardelli, Francesco Zappa and Owens, Scott and Ridge, Tom and Braibant, Thomas and Myreen, Magnus O. and Alglave, Jade},
	title = {The Semantics of {x86-CC} Multiprocessor Machine Code},
	booktitle = {Proceedings of the 36th Annual ACM SIGPLAN-SIGACT Symposium on Principles of Programming Languages},
	series = {POPL~'09},
	year = {2009},
	isbn = {978-1-60558-379-2},
	location = {Savannah, GA, USA},
	pages = {379--391},
	numpages = {13},
	url = {http://doi.acm.org/10.1145/1480881.1480929},
	doi = {10.1145/1480881.1480929},
	acmid = {1480929},
	publisher = {ACM},
	address = {New York, NY, USA},
	keywords = {relaxed memory models, semantics},
}
@inproceedings{twelf,
	author = {Pfenning, Frank and Sch\"{u}rmann, Carsten},
	title = {System Description: Twelf - A Meta-Logical Framework for Deductive Systems},
	booktitle = {Proceedings of the 16th International Conference on Automated Deduction: Automated Deduction},
	series = {CADE-16},
	year = {1999},
	isbn = {3-540-66222-7},
	pages = {202--206},
	numpages = {5},
	url = {http://dl.acm.org/citation.cfm?id=648235.753634},
	acmid = {753634},
	publisher = {Springer-Verlag},
	address = {London, UK, UK},
}
@inproceedings{speculative-lock-elision,
	author = {Rajwar, Ravi and Goodman, James R.},
	title = {Speculative Lock Elision: Enabling Highly Concurrent Multithreaded Execution},
	booktitle = {Proceedings of the 34th Annual ACM/IEEE International Symposium on Microarchitecture},
	series = {MICRO 34},
	year = {2001},
	isbn = {0-7695-1369-7},
	location = {Austin, Texas},
	pages = {294--305},
	numpages = {12},
	url = {http://dl.acm.org/citation.cfm?id=563998.564036},
	acmid = {564036},
	publisher = {IEEE Computer Society},
	address = {Washington, DC, USA},
}
@mastersthesis{hardware-lock-elision-ms-thesis,
	author = {Levy, Amir},
	title = {Programming with Hardware Lock Elision},
	school = {Tel-Aviv University},
	month = {September},
	year = {2013},
	url = {http://mcg.cs.tau.ac.il/papers/amir-levy-msc.pdf},
}
@misc{pebwine,
	author = {Michael J. Sullivan},
	title = {pebwine -- the worst thing {I} have ever done},
	year = {2017},
	howpublished = {Unpublished (implementation private to CMU 15-410 course staff)},
	label = {Sul17a},
}
@article{bochs,
	author = {Lawton, Kevin P.},
	title = {Bochs: A Portable {PC} Emulator for {Unix}/{X}},
	journal = {Linux J.},
	issue_date = {Sept. 1996},
	volume = {1996},
	number = {29es},
	month = sep,
	year = {1996},
	issn = {1075-3583},
	articleno = {7},
	url = {http://dl.acm.org/citation.cfm?id=326350.326357},
	acmid = {326357},
	publisher = {Belltown Media},
	address = {Houston, TX},
}
@inproceedings{itg2,
	author = {Blum, Ben},
	title = {A Boring Follow-Up Paper to ``{Which} {ITG} Stepcharts are Turniest?'' Titled, ``{Which} {ITG} Stepcharts are Crossoveriest and/or Footswitchiest?''},
	booktitle = {Proceedings of the 11th ACH SIGBOVIK Conference in Celebration of Harry Q. Bovik's $2^6$th Birthday},
	series = {SIGBOVIK~'17},
	year = {2017},
	location = {Pittsburgh, PA, USA},
	pages = {54--61},
	numpages = {8},
	url = {http://sigbovik.org/2017/proceedings.pdf},
	publisher = {ACH},
	address = {Pittsburgh, PA, USA},
}
@book{hhgg-reu,
	title = {The Restaurant at the End of the Universe},
	author = {Douglas Adams},
	year = {1980},
	isbn = {0-345-39181-0},
}
@inproceedings{si-tm,
	author = {Litz, Heiner and Cheriton, David and Firoozshahian, Amin and Azizi, Omid and Stevenson, John P.},
	title = {{SI-TM}: Reducing Transactional Memory Abort Rates Through Snapshot Isolation},
	booktitle = {Proceedings of the 19th International Conference on Architectural Support for Programming Languages and Operating Systems},
	series = {ASPLOS~'14},
	year = {2014},
	isbn = {978-1-4503-2305-5},
	location = {Salt Lake City, Utah, USA},
	pages = {383--398},
	numpages = {16},
	url = {http://doi.acm.org/10.1145/2541940.2541952},
	doi = {10.1145/2541940.2541952},
	acmid = {2541952},
	publisher = {ACM},
	address = {New York, NY, USA},
	keywords = {abort rate, multiversion concurrency, snapshot isolation, transactional memory},
}
@misc{tm-benchmark-github,
	author = {Uri Shamay},
	title = {Benchmark {Intel} {TSX} (Transactional Synchronization Extension) Hardware Transactional Memory on my sandbox},
	year = {2014},
	howpublished = {\url{https://github.com/cmpxchg16/tsx.me}},
}
@techreport{tm-benchmark-cmu,
	author = {Mario Dehesa-Azuara and Nick Stanley},
	title = {Hardware Transactional Memory with {Intel}'s {TSX}},
	institution = {Carnegie Mellon University},
	month = {May},
	year = {2016},
	note = {\url{http://reports-archive.adm.cs.cmu.edu/anon/2018/CMU-CS-18-124.pdf}},
	number = {CMU-CS-18-124},
}
@inproceedings{tm-completeness,
	author = {Guerraoui, Rachid and Henzinger, Thomas A. and Singh, Vasu},
	title = {Completeness and Nondeterminism in Model Checking Transactional Memories},
	booktitle = {Proceedings of the 19th International Conference on Concurrency Theory},
	series = {CONCUR~'08},
	year = {2008},
	isbn = {978-3-540-85360-2},
	location = {Toronto, Canada},
	pages = {21--35},
	numpages = {15},
	url = {http://dx.doi.org/10.1007/978-3-540-85361-9_6},
	doi = {10.1007/978-3-540-85361-9_6},
	acmid = {1431506},
	publisher = {Springer-Verlag},
	address = {Berlin, Heidelberg},
}
@inproceedings{tm-correctness,
	author = {Guerraoui, Rachid and Kapalka, Michal},
	title = {On the Correctness of Transactional Memory},
	booktitle = {Proceedings of the 13th ACM SIGPLAN Symposium on Principles and Practice of Parallel Programming},
	series = {PPoPP~'08},
	year = {2008},
	isbn = {978-1-59593-795-7},
	location = {Salt Lake City, UT, USA},
	pages = {175--184},
	numpages = {10},
	url = {http://doi.acm.org/10.1145/1345206.1345233},
	doi = {10.1145/1345206.1345233},
	acmid = {1345233},
	publisher = {ACM},
	address = {New York, NY, USA},
	keywords = {correctness, lower bound, model, transactional memory},
}
@inproceedings{mc-tm-with-spin,
	author = {O'Leary, John and Saha, Bratin and Tuttle, Mark R.},
	title = {Model Checking Transactional Memory with {Spin}},
	booktitle = {Proceedings of the Twenty-seventh ACM Symposium on Principles of Distributed Computing},
	series = {PODC~'08},
	year = {2008},
	isbn = {978-1-59593-989-0},
	location = {Toronto, Canada},
	pages = {424--424},
	numpages = {1},
	url = {http://doi.acm.org/10.1145/1400751.1400816},
	doi = {10.1145/1400751.1400816},
	acmid = {1400816},
	publisher = {ACM},
	address = {New York, NY, USA},
	keywords = {model checking, spin, transactional memory},
}
@inproceedings{stm-relaxed-memory,
	author = {Guerraoui, Rachid and Henzinger, Thomas A. and Singh, Vasu},
	title = {Software Transactional Memory on Relaxed Memory Models},
	booktitle = {Proceedings of the 21st International Conference on Computer Aided Verification},
	series = {CAV~'09},
	year = {2009},
	isbn = {978-3-642-02657-7},
	location = {Grenoble, France},
	pages = {321--336},
	numpages = {16},
	url = {http://dx.doi.org/10.1007/978-3-642-02658-4_26},
	doi = {10.1007/978-3-642-02658-4_26},
	acmid = {1575089},
	publisher = {Springer-Verlag},
	address = {Berlin, Heidelberg},
}
@article{specifying-verifying-tm,
	author = {Doherty, Simon and Groves, Lindsay and Luchangco, Victor and Moir, Mark},
	title = {Towards Formally Specifying and Verifying Transactional Memory},
	journal = {Electron. Notes Theor. Comput. Sci.},
	issue_date = {December, 2009},
	volume = {259},
	month = dec,
	year = {2009},
	issn = {1571-0661},
	pages = {245--261},
	numpages = {17},
	url = {http://dx.doi.org/10.1016/j.entcs.2010.01.001},
	doi = {10.1016/j.entcs.2010.01.001},
	acmid = {1842001},
	publisher = {Elsevier Science Publishers B. V.},
	address = {Amsterdam, The Netherlands, The Netherlands},
	keywords = {Transactional memory, correctness condition, opacity, simulation, virtual worlds consistency},
}
@article{learning-concurrency,
	author = {Kolikant, Yifat Ben-David},
	title = {Learning Concurrency: Evolution of Students' Understanding of Synchronization},
	journal = {Int. J. Hum.-Comput. Stud.},
	issue_date = {February 2004},
	volume = {60},
	number = {2},
	month = feb,
	year = {2004},
	issn = {1071-5819},
	pages = {243--268},
	numpages = {26},
	url = {http://dx.doi.org/10.1016/j.ijhcs.2003.10.005},
	doi = {10.1016/j.ijhcs.2003.10.005},
	acmid = {979832},
	publisher = {Academic Press, Inc.},
	address = {Duluth, MN, USA},
}
@inproceedings{learning-from-mistakes,
	author = {Lu, Shan and Park, Soyeon and Seo, Eunsoo and Zhou, Yuanyuan},
	title = {Learning from Mistakes: A Comprehensive Study on Real World Concurrency Bug Characteristics},
	booktitle = {Proceedings of the 13th International Conference on Architectural Support for Programming Languages and Operating Systems},
	series = {ASPLOS XIII},
	year = {2008},
	isbn = {978-1-59593-958-6},
	location = {Seattle, WA, USA},
	pages = {329--339},
	numpages = {11},
	url = {http://doi.acm.org/10.1145/1346281.1346323},
	doi = {10.1145/1346281.1346323},
	acmid = {1346323},
	publisher = {ACM},
	address = {New York, NY, USA},
	keywords = {bug characteristics, concurrency bug, concurrent program},
}
@article{towards-a-framework,
	author = {Eytani, Yaniv and Havelund, Klaus and Stoller, Scott D. and Ur, Shmuel},
	title = {Towards a Framework and a Benchmark for Testing Tools for Multi-threaded Programs: Research Articles},
	journal = {Concurr. Comput. : Pract. Exper.},
	issue_date = {March 2007},
	volume = {19},
	number = {3},
	month = mar,
	year = {2007},
	issn = {1532-0626},
	pages = {267--279},
	numpages = {13},
	url = {https://doi.org/10.1002/cpe.v19:3},
	doi = {10.1002/cpe.v19:3},
	acmid = {1228973},
	publisher = {John Wiley and Sons Ltd.},
	address = {Chichester, UK},
	keywords = {benchmark, concurrency, multi-threaded, testing},
}
@inproceedings{how-studence,
	author = {L\"{o}nnberg, Jan and Berglund, Anders and Malmi, Lauri},
	title = {How Students Develop Concurrent Programs},
	booktitle = {Proceedings of the Eleventh Australasian Conference on Computing Education - Volume 95},
	series = {ACE~'09},
	year = {2009},
	isbn = {978-1-920682-76-7},
	location = {Wellington, New Zealand},
	pages = {129--138},
	numpages = {10},
	url = {http://dl.acm.org/citation.cfm?id=1862712.1862732},
	acmid = {1862732},
	publisher = {Australian Computer Society, Inc.},
	address = {Darlinghurst, Australia, Australia},
}
@inproceedings{djit,
	author = {Pozniansky, Eli and Schuster, Assaf},
	title = {Efficient On-the-fly Data Race Detection in Multithreaded {C++} Programs},
	booktitle = {Principles and Practice of Parallel Programming},
	series = {PPoPP~'03},
	year = {2003},
	location = {San Diego, California, USA},
	pages = {179--190},
	numpages = {12},
	acmid = {781529},
	publisher = {ACM},
	keywords = {concurrency, data race, instrumentation, multithreading, synchronization},
}
@inproceedings{teaching-android,
	author = {Andrus, Jeremy and Nieh, Jason},
	title = {Teaching Operating Systems Using {Android}},
	booktitle = {Proceedings of the 43rd ACM Technical Symposium on Computer Science Education},
	series = {SIGCSE~'12},
	year = {2012},
	isbn = {978-1-4503-1098-7},
	location = {Raleigh, North Carolina, USA},
	pages = {613--618},
	numpages = {6},
	url = {http://doi.acm.org/10.1145/2157136.2157312},
	doi = {10.1145/2157136.2157312},
	acmid = {2157312},
	publisher = {ACM},
	address = {New York, NY, USA},
	keywords = {android, mobile devices, operating systems},
}
@inproceedings{nachos,
	author = {Christopher, Wayne A. and Procter, Steven J. and Anderson, Thomas E.},
	title = {The {Nachos} Instructional Operating System},
	booktitle = {Proceedings of the USENIX Winter 1993 Conference Proceedings on USENIX Winter 1993 Conference Proceedings},
	series = {USENIX~'93},
	year = {1993},
	location = {San Diego, California},
	pages = {4--4},
	numpages = {1},
	url = {http://dl.acm.org/citation.cfm?id=1267303.1267307},
	acmid = {1267307},
	publisher = {USENIX Association},
	address = {Berkeley, CA, USA},
}
@techreport{quicksand-soundness,
	author = {Ben Blum},
	title = {Soundness Proofs for Iterative Deepening},
	institution = {Carnegie Mellon University},
	month = {September},
	year = {2016},
	note = {\url{http://www.pdl.cmu.edu/PDL-FTP/associated/CMU-PDL-16-103.pdf}},
	number = {CMU-PDL-16-103},
}
@inproceedings{quicksand,
	author = {Blum, Ben and Gibson, Garth},
	title = {Stateless Model Checking with Data-race Preemption Points},
	booktitle = {Proceedings of the 2016 ACM SIGPLAN International Conference on Object-Oriented Programming, Systems, Languages, and Applications},
	series = {OOPSLA 2016},
	year = {2016},
	isbn = {978-1-4503-4444-9},
	location = {Amsterdam, Netherlands},
	pages = {477--493},
	numpages = {17},
	url = {http://doi.acm.org/10.1145/2983990.2984036},
	doi = {10.1145/2983990.2984036},
	acmid = {2984036},
	publisher = {ACM},
	address = {New York, NY, USA},
	keywords = {data races, model checking, verification},
}
@misc{uchicago-cs230,
	author = {Gunawi, Haryadi},
	title = {{CMSC} 23000 ({CS} 230): Operating Systems ({Autumn} 2014)},
	institution = {University of Chicago},
	year = {2014},
	howpublished = {\url{https://www.classes.cs.uchicago.edu/archive/2014/fall/23000-1/}},
}
@misc{berkeley-cs162,
	author = {Joseph, Anthony},
	title = {{CS162}: Operating Systems and Systems Programming},
	institution = {University of California at Berkeley},
	year = {2016},
	howpublished = {\url{https://cs162.eecs.berkeley.edu/}},
}
@misc{standford-cs140,
	author = {Ousterhout, John},
	title = {{CS} 140: Operating Systems ({Winter} 2016)},
	institution = {Stanford University},
	year = {2016},
	howpublished = {\url{http://web.stanford.edu/~ouster/cgi-bin/cs140-winter16/index.php}},
}
@misc{htm-gcc,
	author = {The GNU Foundation},
	title = {X86 transaction memory intrinsics},
	year = {2016},
	howpublished = {\url{https://gcc.gnu.org/onlinedocs/gcc-4.8.2/gcc/X86-transactional-memory-intrinsics.html}}
}
@inproceedings{htm-performance,
	title={Performance evaluation of {Intel}{\textregistered} transactional synchronization extensions for high-performance computing},
	author={Yoo, Richard M and Hughes, Christopher J and Lai, Konrad and Rajwar, Ravi},
	booktitle={2013 SC-International Conference for High Performance Computing, Networking, Storage and Analysis (SC)},
	pages={1--11},
	year={2013},
	organization={IEEE}
}
@article{htm-haswell,
	title={Haswell: The fourth-generation {Intel} core processor},
	author={Hammarlund, Per and Kumar, Rajesh and Osborne, Randy B. and Rajwar, Ravi and Singhal, Ronak and D'Sa, Reynold and Chappell, Robert and Kaushik, Shiv and Chennupaty, Srinivas and Jourdan, Stephan and others},
	journal={IEEE Micro},
	number={2},
	pages={6--20},
	year={2014},
	publisher={IEEE}
}
@inproceedings{htm-experience,
	author = {Dice, Dave and Lev, Yossi and Moir, Mark and Nussbaum, Daniel},
	title = {Early Experience with a Commercial Hardware Transactional Memory Implementation},
	booktitle = {Proceedings of the 14th International Conference on Architectural Support for Programming Languages and Operating Systems},
	series = {ASPLOS XIV},
	year = {2009},
	isbn = {978-1-60558-406-5},
	location = {Washington, DC, USA},
	pages = {157--168},
	numpages = {12},
	url = {http://doi.acm.org/10.1145/1508244.1508263},
	doi = {10.1145/1508244.1508263},
	acmid = {1508263},
	publisher = {ACM},
	address = {New York, NY, USA},
	keywords = {hardware, synchronization, transactional memory},
}
@inproceedings{hybrid-htm-stm,
	author = {Chapman, Keith and Hosking, Antony L. and Moss, J. Eliot B.},
	title = {Hybrid {STM}/{HTM} for Nested Transactions on {OpenJDK}},
	booktitle = {Proceedings of the 2016 ACM SIGPLAN International Conference on Object-Oriented Programming, Systems, Languages, and Applications},
	series = {OOPSLA 2016},
	year = {2016},
	isbn = {978-1-4503-4444-9},
	location = {Amsterdam, Netherlands},
	pages = {660--676},
	numpages = {17},
	url = {http://doi.acm.org/10.1145/2983990.2984029},
	doi = {10.1145/2983990.2984029},
	acmid = {2984029},
	publisher = {ACM},
	address = {New York, NY, USA},
	keywords = {Java, hardware transactional memory, nested transactions, software transactional memory, transactional memory},
}
@inproceedings{stm-pldi06,
	author = {Adl-Tabatabai, Ali-Reza and Lewis, Brian T. and Menon, Vijay and Murphy, Brian R. and Saha, Bratin and Shpeisman, Tatiana},
	title = {Compiler and Runtime Support for Efficient Software Transactional Memory},
	booktitle = {Proceedings of the 27th ACM SIGPLAN Conference on Programming Language Design and Implementation},
	series = {PLDI~'06},
	year = {2006},
	isbn = {1-59593-320-4},
	location = {Ottawa, Ontario, Canada},
	pages = {26--37},
	numpages = {12},
	url = {http://doi.acm.org/10.1145/1133981.1133985},
	doi = {10.1145/1133981.1133985},
	acmid = {1133985},
	publisher = {ACM},
	address = {New York, NY, USA},
	keywords = {code generation, compiler optimizations, locking, synchronization, transactional memory, virtual machines},
}
@inproceedings{transactional-memory,
	author = {Herlihy, Maurice and Moss, J. Eliot B.},
	title = {Transactional Memory: Architectural Support for Lock-free Data Structures},
	booktitle = {Proceedings of the 20th Annual International Symposium on Computer Architecture},
	series = {ISCA~'93},
	year = {1993},
	isbn = {0-8186-3810-9},
	location = {San Diego, California, USA},
	pages = {289--300},
	numpages = {12},
	url = {http://doi.acm.org/10.1145/165123.165164},
	doi = {10.1145/165123.165164},
	acmid = {165164},
	publisher = {ACM},
	address = {New York, NY, USA},
}
@inproceedings{rust-language,
	author = {Matsakis, Nicholas D. and Klock,II, Felix S.},
	title = {The {Rust} Language},
	booktitle = {Proceedings of the 2014 ACM SIGAda Annual Conference on High Integrity Language Technology},
	series = {HILT~'14},
	year = {2014},
	isbn = {978-1-4503-3217-0},
	location = {Portland, Oregon, USA},
	pages = {103--104},
	numpages = {2},
	url = {http://doi.acm.org/10.1145/2663171.2663188},
	doi = {10.1145/2663171.2663188},
	acmid = {2663188},
	publisher = {ACM},
	address = {New York, NY, USA},
	keywords = {affine type systems, memory management, rust, systems programming},
}
@misc{unaligned-writes,
	author = {Chris Lu},
	title = {{unaligned writes are bad}},
	year = {2014},
	howpublished = {\url{https://gist.github.com/kalenedrael/323bab7e624f88d0edde}},
}
@article{incompleteness,
	author = {G\"{o}del, Kurt},
	year = {1931},
	title = {\"{U}ber formal unentscheidbare S\"{a}tze der Principia Mathematica und verwandter Systeme, {I}},
	journal = {Monatshefte f\"{u}r Mathematik und Physik},
	volume = {38},
	number = {1},
	pages = {173--198},
}
@inproceedings{z3,
	author = {De Moura, Leonardo and Bj{\o}rner, Nikolaj},
	title = {Z3: An Efficient {SMT} Solver},
	booktitle = {Proceedings of the Theory and Practice of Software, 14th International Conference on Tools and Algorithms for the Construction and Analysis of Systems},
	series = {TACAS~'08/ETAPS~'08},
	year = {2008},
	isbn = {3-540-78799-2, 978-3-540-78799-0},
	ocation = {Budapest, Hungary},
	pages = {337--340},
	numpages = {4},
	url = {http://dl.acm.org/citation.cfm?id=1792734.1792766},
	acmid = {1792766},
	publisher = {Springer-Verlag},
	address = {Berlin, Heidelberg},
}
@incollection{mooreslaw,
	author = {Moore, Gordon E.},
	chapter = {Cramming More Components Onto Integrated Circuits},
	title = {Readings in Computer Architecture},
	editor = {Hill, Mark D. and Jouppi, Norman P. and Sohi, Gurindar S.},
	year = {2000},
	isbn = {1-55860-539-8},
	pages = {56--59},
	numpages = {4},
	url = {http://dl.acm.org/citation.cfm?id=333067.333074},
	acmid = {333074},
	publisher = {Morgan Kaufmann Publishers Inc.},
	address = {San Francisco, CA, USA},
}
@inproceedings{sealing,
	author = {Ball, Thomas and Burckhardt, Sebastian and Coons, Katherine E. and Musuvathi, Madanlal and Qadeer, Shaz},
	title = {Preemption Sealing for Efficient Concurrency Testing},
	booktitle = {Proceedings of the 16th International Conference on Tools and Algorithms for the Construction and Analysis of Systems},
	series = {TACAS~'10},
	year = {2010},
	isbn = {3-642-12001-6, 978-3-642-12001-5},
	location = {Paphos, Cyprus},
	pages = {420--434},
	numpages = {15},
	url = {http://dx.doi.org/10.1007/978-3-642-12002-2_35},
	doi = {10.1007/978-3-642-12002-2_35},
	acmid = {2175600},
	publisher = {Springer-Verlag},
	address = {Berlin, Heidelberg},
}
@inproceedings{predictive-dr,
	author = {Smaragdakis, Yannis and Evans, Jacob and Sadowski, Caitlin and Yi, Jaeheon and Flanagan, Cormac},
	title = {Sound Predictive Race Detection in Polynomial Time},
	booktitle = {Proceedings of the 39th Annual ACM SIGPLAN-SIGACT Symposium on Principles of Programming Languages},
	series = {POPL~'12},
	year = {2012},
	isbn = {978-1-4503-1083-3},
	location = {Philadelphia, PA, USA},
	pages = {387--400},
	numpages = {14},
	url = {http://doi.acm.org/10.1145/2103656.2103702},
	doi = {10.1145/2103656.2103702},
	acmid = {2103702},
	publisher = {ACM},
	address = {New York, NY, USA},
	keywords = {dynamic analysis, happens-before, race detection},
}
@inproceedings{eventracer,
	author = {Bielik, Pavol and Raychev, Veselin and Vechev, Martin},
	title = {Scalable Race Detection for {Android} Applications},
	booktitle = {Proceedings of the 2015 ACM SIGPLAN International Conference on Object-Oriented Programming, Systems, Languages, and Applications},
	series = {OOPSLA 2015},
	year = {2015},
	isbn = {978-1-4503-3689-5},
	location = {Pittsburgh, PA, USA},
	pages = {332--348},
	numpages = {17},
	url = {http://doi.acm.org/10.1145/2814270.2814303},
	doi = {10.1145/2814270.2814303},
	acmid = {2814303},
	publisher = {ACM},
	address = {New York, NY, USA},
	keywords = {Android, Data Races, Happens-before, Non-determinism},
}
@inproceedings{r4,
	author = {Jensen, Casper S. and M{\o}ller, Anders and Raychev, Veselin and Dimitrov, Dimitar and Vechev, Martin},
	title = {Stateless Model Checking of Event-driven Applications},
	booktitle = {Proceedings of the 2015 ACM SIGPLAN International Conference on Object-Oriented Programming, Systems, Languages, and Applications},
	series = {OOPSLA 2015},
	year = {2015},
	isbn = {978-1-4503-3689-5},
	location = {Pittsburgh, PA, USA},
	pages = {57--73},
	numpages = {17},
	url = {http://doi.acm.org/10.1145/2814270.2814282},
	doi = {10.1145/2814270.2814282},
	acmid = {2814282},
	publisher = {ACM},
	address = {New York, NY, USA},
	keywords = {Model checking, data races, event-driven applications, partial order reduction, web applications},
}
@article{memory-consistency-models,
	author = {Adve, Sarita V. and Gharachorloo, Kourosh},
	title = {Shared Memory Consistency Models: A Tutorial},
	journal = {Computer},
	issue_date = {December 1996},
	volume = {29},
	number = {12},
	month = dec,
	year = {1996},
	issn = {0018-9162},
	pages = {66--76},
	numpages = {11},
	url = {http://dx.doi.org/10.1109/2.546611},
	doi = {10.1109/2.546611},
	acmid = {620590},
	publisher = {IEEE Computer Society Press},
	address = {Los Alamitos, CA, USA},
}
@inproceedings{randomized-scheduler,
	author = {Burckhardt, Sebastian and Kothari, Pravesh and Musuvathi, Madanlal and Nagarakatte, Santosh},
	title = {A Randomized Scheduler with Probabilistic Guarantees of Finding Bugs},
	booktitle = {Proceedings of the Fifteenth Edition of ASPLOS on Architectural Support for Programming Languages and Operating Systems},
	series = {ASPLOS XV},
	year = {2010},
	isbn = {978-1-60558-839-1},
	location = {Pittsburgh, Pennsylvania, USA},
	pages = {167--178},
	numpages = {12},
	url = {http://doi.acm.org/10.1145/1736020.1736040},
	doi = {10.1145/1736020.1736040},
	acmid = {1736040},
	publisher = {ACM},
	address = {New York, NY, USA},
	keywords = {concurrency, race conditions, randomized algorithms, testing},
}
@inproceedings{satcheck,
	author = {Demsky, Brian and Lam, Patrick},
	title = {{SATCheck}: {SAT}-directed Stateless Model Checking for {SC} and {TSO}},
	booktitle = {Proceedings of the 2015 ACM SIGPLAN International Conference on Object-Oriented Programming, Systems, Languages, and Applications},
	series = {OOPSLA 2015},
	year = {2015},
	isbn = {978-1-4503-3689-5},
	location = {Pittsburgh, PA, USA},
	pages = {20--36},
	numpages = {17},
	url = {http://doi.acm.org/10.1145/2814270.2814297},
	doi = {10.1145/2814270.2814297},
	acmid = {2814297},
	publisher = {ACM},
	address = {New York, NY, USA},
	keywords = {Relaxed memory model, model checking},
}
@article{boehm-memorymodels,
	author = {Adve, Sarita V. and Boehm, Hans-J.},
	title = {Memory Models: A Case for Rethinking Parallel Languages and Hardware},
	journal = {Commun. ACM},
	issue_date = {August 2010},
	volume = {53},
	number = {8},
	month = aug,
	year = {2010},
	issn = {0001-0782},
	pages = {90--101},
	numpages = {12},
	url = {http://doi.acm.org/10.1145/1787234.1787255},
	doi = {10.1145/1787234.1787255},
	acmid = {1787255},
	publisher = {ACM},
	address = {New York, NY, USA},
}
@inproceedings{ifrit,
	author = {Effinger-Dean, Laura and Lucia, Brandon and Ceze, Luis and Grossman, Dan and Boehm, Hans-J.},
	title = {{IFRit}: Interference-free Regions for Dynamic Data-race Detection},
	booktitle = {Proceedings of the ACM International Conference on Object Oriented Programming Systems Languages and Applications},
	series = {OOPSLA~'12},
	year = {2012},
	isbn = {978-1-4503-1561-6},
	location = {Tucson, Arizona, USA},
	pages = {467--484},
	numpages = {18},
	url = {http://doi.acm.org/10.1145/2384616.2384650},
	doi = {10.1145/2384616.2384650},
	acmid = {2384650},
	publisher = {ACM},
	address = {New York, NY, USA},
	keywords = {concurrency, data-race detection, interference-free regions},
}
@inproceedings{smc-empirical-study,
	author = {Thomson, Paul and Donaldson, Alastair F. and Betts, Adam},
	title = {Concurrency Testing Using Schedule Bounding: An Empirical Study},
	booktitle = {Proceedings of the 19th ACM SIGPLAN Symposium on Principles and Practice of Parallel Programming},
	series = {PPoPP~'14},
	year = {2014},
	isbn = {978-1-4503-2656-8},
	location = {Orlando, Florida, USA},
	pages = {15--28},
	numpages = {14},
	url = {http://doi.acm.org/10.1145/2555243.2555260},
	doi = {10.1145/2555243.2555260},
	acmid = {2555260},
	publisher = {ACM},
	address = {New York, NY, USA},
	keywords = {concurrency, context bounding, stateless model checking, systematic concurrency testing},
}
@inproceedings{mazurkiewicz,
	author = {Mazurkiewicz, A},
	title = {Trace Theory},
	booktitle = {Advances in Petri Nets 1986, Part II on Petri Nets: Applications and Relationships to Other Models of Concurrency},
	year = {1987},
	isbn = {0-387-17906-2},
	location = {Bad Honnef},
	pages = {279--324},
	numpages = {46},
	url = {http://dl.acm.org/citation.cfm?id=25542.25553},
	acmid = {25553},
	publisher = {Springer-Verlag New York, Inc.},
	address = {New York, NY, USA},
}
@article{coverity,
	author = {Bessey, Al and Block, Ken and Chelf, Ben and Chou, Andy and Fulton, Bryan and Hallem, Seth and Henri-Gros, Charles and Kamsky, Asya and McPeak, Scott and Engler, Dawson},
	title = {A Few Billion Lines of Code Later: Using Static Analysis to Find Bugs in the Real World},
	journal = {Commun. ACM},
	issue_date = {February 2010},
	volume = {53},
	number = {2},
	month = feb,
	year = {2010},
	issn = {0001-0782},
	pages = {66--75},
	numpages = {10},
	url = {http://doi.acm.org/10.1145/1646353.1646374},
	doi = {10.1145/1646353.1646374},
	acmid = {1646374},
	publisher = {ACM},
	address = {New York, NY, USA},
}
@inproceedings{inspect,
	author = {Yang, Yu and Chen, Xiaofang and Gopalakrishnan, Ganesh and Kirby, Robert M.},
	title = {Efficient Stateful Dynamic Partial Order Reduction},
	booktitle = {Proceedings of the 15th International Workshop on Model Checking Software},
	series = {SPIN~'08},
	year = {2008},
	isbn = {978-3-540-85113-4},
	location = {Los Angeles, CA, USA},
	pages = {288--305},
	numpages = {18},
	url = {http://dx.doi.org/10.1007/978-3-540-85114-1_20},
	doi = {10.1007/978-3-540-85114-1_20},
	acmid = {1429100},
	publisher = {Springer-Verlag},
	address = {Berlin, Heidelberg},
}
@article{entscheidungsproblem,
	author = {Turing, A. M.},
	title = {On Computable Numbers, with an Application to the Entscheidungsproblem},
	volume = {s2-42},
	number = {1},
	year = {1937},
	doi = {10.1112/plms/s2-42.1.230},
	URL = {http://plms.oxfordjournals.org/content/s2-42/1/230.short},
	eprint = {http://plms.oxfordjournals.org/content/s2-42/1/230.full.pdf+html},
	journal = {Proceedings of the London Mathematical Society}
}
@inproceedings{vargomax,
	author = {Vargomax, Vargomax V.},
	title = {Generalized Super Mario Bros. is {NP}-Complete},
	booktitle = {Proceedings of the 1st ACH SIGBOVIK Conference in Celebration of Harry Q. Bovik's $2^6$th Birthday},
	series = {SIGBOVIK~'07},
	year = {2007},
	location = {Pittsburgh, PA, USA},
	pages = {87--88},
	numpages = {2},
	url = {http://sigbovik.org/2007/papers/proceedings.pdf},
	publisher = {ACH},
	address = {Pittsburgh, PA, USA},
	keywords = {NP-Complete, Luigi, Paint, Castles}
}
@misc{sparc-ssm,
	author = {Raj Prakash},
	title = {The Holy Grail - Real Time Memory Access Checking},
	institution = {Oracle},
	year = {2015},
	howpublished = {\url{https://blogs.oracle.com/raj/entry/the_holy_grail_real_time}},
}
@misc{rcu,
	author = {McKenney, Paul and Walpole, Jonathan},
	title = {What is {RCU}, fundamentally?},
	institution = {LWN.net},
	year = {2007},
	howpublished = {\url{https://lwn.net/Articles/262464/}},
}
@inproceedings{fairstatelessmc,
	author = {Musuvathi, Madanlal and Qadeer, Shaz},
	title = {Fair Stateless Model Checking},
	booktitle = {Proceedings of the 29th ACM SIGPLAN Conference on Programming Language Design and Implementation},
	series = {PLDI~'08},
	year = {2008},
	isbn = {978-1-59593-860-2},
	location = {Tucson, AZ, USA},
	pages = {362--371},
	numpages = {10},
	url = {http://doi.acm.org/10.1145/1375581.1375625},
	doi = {10.1145/1375581.1375625},
	acmid = {1375625},
	publisher = {ACM},
	address = {New York, NY, USA},
	keywords = {concurrency, fairness, liveness, model checking, multi-threading, shared-memory programs, software testing},
}
@inproceedings{gambit,
	author = {Coons, Katherine E. and Burckhardt, Sebastian and Musuvathi, Madanlal},
	title = {GAMBIT: Effective Unit Testing for Concurrency Libraries},
	booktitle = {Proceedings of the 15th ACM SIGPLAN Symposium on Principles and Practice of Parallel Programming},
	series = {PPoPP~'10},
	year = {2010},
	isbn = {978-1-60558-877-3},
	location = {Bangalore, India},
	pages = {15--24},
	numpages = {10},
	url = {http://doi.acm.org/10.1145/1693453.1693458},
	doi = {10.1145/1693453.1693458},
	acmid = {1693458},
	publisher = {ACM},
	address = {New York, NY, USA},
	keywords = {concurrency, model checking, multithreading, partial-order reduction, preemption bound, software testing},
}
@inproceedings{fasttrack,
	author = {Flanagan, Cormac and Freund, Stephen N.},
	title = {{FastTrack}: Efficient and Precise Dynamic Race Detection},
	booktitle = {Proceedings of the 30th ACM SIGPLAN Conference on Programming Language Design and Implementation},
	series = {PLDI~'09},
	year = {2009},
	isbn = {978-1-60558-392-1},
	location = {Dublin, Ireland},
	pages = {121--133},
	numpages = {13},
	url = {http://doi.acm.org/10.1145/1542476.1542490},
	doi = {10.1145/1542476.1542490},
	acmid = {1542490},
	publisher = {ACM},
	address = {New York, NY, USA},
	keywords = {concurrency, dynamic analysis, race conditions},
}
@inproceedings{eternal-war,
	author = {Szekeres, Laszlo and Payer, Mathias and Wei, Tao and Song, Dawn},
	title = {SoK: Eternal War in Memory},
	booktitle = {Proceedings of the 2013 IEEE Symposium on Security and Privacy},
	series = {SP~'13},
	year = {2013},
	isbn = {978-0-7695-4977-4},
	pages = {48--62},
	numpages = {15},
	url = {http://dx.doi.org/10.1109/SP.2013.13},
	doi = {10.1109/SP.2013.13},
	acmid = {2498101},
	publisher = {IEEE Computer Society},
	address = {Washington, DC, USA},
}
@article{lamport-clocks,
	author = {Lamport, Leslie},
	title = {Time, Clocks, and the Ordering of Events in a Distributed System},
	journal = {Commun. ACM},
	issue_date = {July 1978},
	volume = {21},
	number = {7},
	month = jul,
	year = {1978},
	issn = {0001-0782},
	pages = {558--565},
	numpages = {8},
	url = {http://doi.acm.org/10.1145/359545.359563},
	doi = {10.1145/359545.359563},
	acmid = {359563},
	publisher = {ACM},
	address = {New York, NY, USA},
	keywords = {clock synchronization, computer networks, distributed systems, multiprocess systems},
}
@inproceedings{racefuzzer,
	author = {Sen, Koushik},
	title = {Race Directed Random Testing of Concurrent Programs},
	booktitle = {Proceedings of the 29th ACM SIGPLAN Conference on Programming Language Design and Implementation},
	series = {PLDI~'08},
	year = {2008},
	isbn = {978-1-59593-860-2},
	location = {Tucson, AZ, USA},
	pages = {11--21},
	numpages = {11},
	url = {http://doi.acm.org/10.1145/1375581.1375584},
	doi = {10.1145/1375581.1375584},
	acmid = {1375584},
	publisher = {ACM},
	address = {New York, NY, USA},
	keywords = {concurrency, dynamic analysis, race detection, random testing},
}
@inproceedings{hybriddatarace,
	author = {O'Callahan, Robert and Choi, Jong-Deok},
	title = {Hybrid Dynamic Data Race Detection},
	booktitle = {Proceedings of the Ninth ACM SIGPLAN Symposium on Principles and Practice of Parallel Programming},
	series = {PPoPP~'03},
	year = {2003},
	isbn = {1-58113-588-2},
	location = {San Diego, California, USA},
	pages = {167--178},
	numpages = {12},
	url = {http://doi.acm.org/10.1145/781498.781528},
	doi = {10.1145/781498.781528},
	acmid = {781528},
	publisher = {ACM},
	address = {New York, NY, USA},
	keywords = {Java, dynamic race detection, happens-before, lockset hybrid},
}
@inproceedings{cafa,
	author = {Hsiao, Chun-Hung and Yu, Jie and Narayanasamy, Satish and Kong, Ziyun and Pereira, Cristiano L. and Pokam, Gilles A. and Chen, Peter M. and Flinn, Jason},
	title = {Race Detection for Event-driven Mobile Applications},
	booktitle = {Proceedings of the 35th ACM SIGPLAN Conference on Programming Language Design and Implementation},
	series = {PLDI~'14},
	year = {2014},
	isbn = {978-1-4503-2784-8},
	location = {Edinburgh, United Kingdom},
	pages = {326--336},
	numpages = {11},
	url = {http://doi.acm.org/10.1145/2594291.2594330},
	doi = {10.1145/2594291.2594330},
	acmid = {2594330},
	publisher = {ACM},
	address = {New York, NY, USA},
	keywords = {Android, causality model, concurrency, event-driven, mobile application, race detection, use-free race},
}
@inproceedings{droidracer,
	author = {Maiya, Pallavi and Kanade, Aditya and Majumdar, Rupak},
	title = {Race Detection for {Android} Applications},
	booktitle = {Proceedings of the 35th ACM SIGPLAN Conference on Programming Language Design and Implementation},
	series = {PLDI~'14},
	year = {2014},
	isbn = {978-1-4503-2784-8},
	location = {Edinburgh, United Kingdom},
	pages = {316--325},
	numpages = {10},
	url = {http://doi.acm.org/10.1145/2594291.2594311},
	doi = {10.1145/2594291.2594311},
	acmid = {2594311},
	publisher = {ACM},
	address = {New York, NY, USA},
	keywords = {Android concurrency semantics, data races, happens-before reasoning},
}
@inproceedings{symbiosis,
	author = {Machado, Nuno and Lucia, Brandon and Rodrigues, Lu\'{\i}s},
	title = {Concurrency Debugging with Differential Schedule Projections},
	booktitle = {Proceedings of the 36th ACM SIGPLAN Conference on Programming Language Design and Implementation},
	series = {PLDI 2015},
	year = {2015},
	isbn = {978-1-4503-3468-6},
	location = {Portland, OR, USA},
	pages = {586--595},
	numpages = {10},
	url = {http://doi.acm.org/10.1145/2737924.2737973},
	doi = {10.1145/2737924.2737973},
	acmid = {2737973},
	publisher = {ACM},
	address = {New York, NY, USA},
	keywords = {Concurrency, Constraint Solving, Debugging, Differential Schedule Projection, Symbolic Execution},
}
@inproceedings{recordreplaydrs,
	author = {Narayanasamy, Satish and Wang, Zhenghao and Tigani, Jordan and Edwards, Andrew and Calder, Brad},
	title = {Automatically Classifying Benign and Harmful Data Races Using Replay Analysis},
	booktitle = {Proceedings of the 28th ACM SIGPLAN Conference on Programming Language Design and Implementation},
	series = {PLDI~'07},
	year = {2007},
	isbn = {978-1-59593-633-2},
	location = {San Diego, California, USA},
	pages = {22--31},
	numpages = {10},
	url = {http://doi.acm.org/10.1145/1250734.1250738},
	doi = {10.1145/1250734.1250738},
	acmid = {1250738},
	publisher = {ACM},
	address = {New York, NY, USA},
	keywords = {benign data races, concurrency Bbugs, replay},
}
@inproceedings{portend,
	author = {Kasikci, Baris and Zamfir, Cristian and Candea, George},
	title = {Data Races vs. Data Race Bugs: Telling the Difference with {Portend}},
	booktitle = {Proceedings of the Seventeenth International Conference on Architectural Support for Programming Languages and Operating Systems},
	series = {ASPLOS XVII},
	year = {2012},
	isbn = {978-1-4503-0759-8},
	location = {London, England, UK},
	pages = {185--198},
	numpages = {14},
	url = {http://doi.acm.org/10.1145/2150976.2150997},
	doi = {10.1145/2150976.2150997},
	acmid = {2150997},
	publisher = {ACM},
	address = {New York, NY, USA},
	keywords = {concurrency, data races, testing, triage},
}
@inproceedings{tsopso,
	author = {Zhang, Naling and Kusano, Markus and Wang, Chao},
	title = {Dynamic Partial Order Reduction for Relaxed Memory Models},
	booktitle = {Proceedings of the 36th ACM SIGPLAN Conference on Programming Language Design and Implementation},
	series = {PLDI 2015},
	year = {2015},
	isbn = {978-1-4503-3468-6},
	location = {Portland, OR, USA},
	pages = {250--259},
	numpages = {10},
	url = {http://doi.acm.org/10.1145/2737924.2737956},
	doi = {10.1145/2737924.2737956},
	acmid = {2737956},
	publisher = {ACM},
	address = {New York, NY, USA},
	keywords = {DPOR, PSO, Stateless model checking, TSO, partial order reduction, relaxed memory model, runtime verification},
}

@article{spin,
	author = {Holzmann, Gerard J.},
	title = {The Model Checker {SPIN}},
	journal = {IEEE Transactions on Software Engineering},
	issue_date = {May 1997},
	volume = {23},
	number = {5},
	month = may,
	year = {1997},
	issn = {0098-5589},
	pages = {279--295},
	numpages = {17},
	url = {http://dx.doi.org/10.1109/32.588521},
	doi = {10.1109/32.588521},
	acmid = {260902},
	publisher = {IEEE Press},
	address = {Piscataway, NJ, USA},
	keywords = {Formal methods, program verification, design verification, model checking, distributed systems, concurrency.},
}

@inproceedings{samc,
	author = {Leesatapornwongsa, Tanakorn and Hao, Mingzhe and Joshi, Pallavi and Lukman, Jeffrey F. and Gunawi, Haryadi S.},
	title = {{SAMC}: Semantic-aware Model Checking for Fast Discovery of Deep Bugs in Cloud Systems},
	booktitle = {Proceedings of the 11th USENIX Conference on Operating Systems Design and Implementation},
	series = {OSDI~'14},
	year = {2014},
	isbn = {978-1-931971-16-4},
	location = {Broomfield, CO},
	pages = {399--414},
	numpages = {16},
	url = {http://dl.acm.org/citation.cfm?id=2685048.2685080},
	acmid = {2685080},
	publisher = {USENIX Association},
	address = {Berkeley, CA, USA},
}

@inproceedings{iterative-deepening-chess-ai,
	author = {Korf, Richard E.},
	title = {Iterative-deepening-{A}: An Optimal Admissible Tree Search},
	booktitle = {Proceedings of the 9th International Joint Conference on Artificial Intelligence - Volume 2},
	series = {IJCAI~'85},
	year = {1985},
	isbn = {0-934613-02-8, 978-0-934-61302-6},
	location = {Los Angeles, California},
	pages = {1034--1036},
	numpages = {3},
	url = {http://dl.acm.org/citation.cfm?id=1623611.1623684},
	acmid = {1623684},
	publisher = {Morgan Kaufmann Publishers Inc.},
	address = {San Francisco, CA, USA},
}
@inproceedings{ski,
	author = {Fonseca, Pedro and Rodrigues, Rodrigo and Brandenburg, Bj\"{o}rn B.},
	title = {{SKI}: Exposing Kernel Concurrency Bugs Through Systematic Schedule Exploration},
	booktitle = {Proceedings of the 11th USENIX Conference on Operating Systems Design and Implementation},
	series = {OSDI~'14},
	year = {2014},
	isbn = {978-1-931971-16-4},
	location = {Broomfield, CO},
	pages = {415--431},
	numpages = {17},
	url = {http://dl.acm.org/citation.cfm?id=2685048.2685081},
	acmid = {2685081},
	publisher = {USENIX Association},
	address = {Berkeley, CA, USA},
}

@inproceedings{racerx,
	author = {Engler, Dawson and Ashcraft, Ken},
	title = {{RacerX}: Effective, Static Detection of Race Conditions and Deadlocks},
	booktitle = {Proceedings of the Nineteenth ACM Symposium on Operating Systems Principles},
	series = {SOSP~'03},
	year = {2003},
	isbn = {1-58113-757-5},
	location = {Bolton Landing, NY, USA},
	pages = {237--252},
	numpages = {16},
	url = {http://doi.acm.org/10.1145/945445.945468},
	doi = {10.1145/945445.945468},
	acmid = {945468},
	publisher = {ACM},
	address = {New York, NY, USA},
	keywords = {deadlock detection, program checking, race detection},
}
@inproceedings{mcr,
	author = {Huang, Jeff},
	title = {Stateless Model Checking Concurrent Programs with Maximal Causality Reduction},
	booktitle = {Proceedings of the 36th ACM SIGPLAN Conference on Programming Language Design and Implementation},
	series = {PLDI 2015},
	year = {2015},
	isbn = {978-1-4503-3468-6},
	location = {Portland, OR, USA},
	pages = {165--174},
	numpages = {10},
	url = {http://doi.acm.org/10.1145/2737924.2737975},
	doi = {10.1145/2737924.2737975},
	acmid = {2737975},
	publisher = {ACM},
	address = {New York, NY, USA},
	keywords = {maximal causality reduction, stateless model checking},
}
@article{eraser,
	author = {Savage, Stefan and Burrows, Michael and Nelson, Greg and Sobalvarro, Patrick and Anderson, Thomas},
	title = {Eraser: A Dynamic Data Race Detector for Multithreaded Programs},
	journal = {ACM Trans. Comput. Syst.},
	issue_date = {Nov. 1997},
	volume = {15},
	number = {4},
	month = nov,
	year = {1997},
	issn = {0734-2071},
	pages = {391--411},
	numpages = {21},
	url = {http://doi.acm.org/10.1145/265924.265927},
	doi = {10.1145/265924.265927},
	acmid = {265927},
	publisher = {ACM},
	address = {New York, NY, USA},
	keywords = {binary code modification, multithreaded programming, race detection},
}
@techreport{estimation,
	author = {Jiri Simsa and Randy Bryant and Garth Gibson},
	title = {Runtime Estimation and Resource Allocation for Concurrency Testing},
	institution = {Carnegie Mellon University},
	month = {December},
	year = {2012},
	note = {\url{http://www.pdl.cmu.edu/PDL-FTP/Storage/CMU-PDL-12-113.pdf}},
	number = {CMU-PDL-12-113},
}
@techreport{parallel-dpor,
	author = {Jiri Simsa and Randy Bryant and Garth Gibson and Jason Hickey},
	title = {Concurrent Systematic Testing at Scale},
	institution = {Carnegie Mellon University},
	month = {May},
	year = {2012},
	note = {\url{http://www.pdl.cmu.edu/PDL-FTP/associated/CMU-PDL-12-101.pdf}},
	number = {CMU-PDL-12-101},
}

@inproceedings{bpor,
	author = {Coons, Katherine E. and Musuvathi, Madan and McKinley, Kathryn S.},
	title = {Bounded Partial-order Reduction},
	booktitle = {Proceedings of the 2013 ACM SIGPLAN International Conference on Object Oriented Programming Systems Languages \& Applications},
	series = {OOPSLA~'13},
	year = {2013},
	isbn = {978-1-4503-2374-1},
	location = {Indianapolis, Indiana, USA},
	pages = {833--848},
	numpages = {16},
	url = {http://doi.acm.org/10.1145/2509136.2509556},
	doi = {10.1145/2509136.2509556},
	acmid = {2509556},
	publisher = {ACM},
	address = {New York, NY, USA},
	keywords = {bounded partial-order reduction, concurrency, dynamic partial-order reduction, fairness, liveness, model checking, shared-memory programs, software testing},
}

@inproceedings{optimal-dpor,
	author = {Abdulla, Parosh Aziz and Aronis, Stavros and Jonsson, Bengt and Sagonas, Konstantinos},
	title = {Optimal Dynamic Partial Order Reduction},
	booktitle = {Proceedings of the 41st ACM SIGPLAN-SIGACT Symposium on Principles of Programming Languages},
	series = {POPL~'14},
	year = {2014},
	isbn = {978-1-4503-2544-8},
	location = {San Diego, California, USA},
	pages = {373--384},
	numpages = {12},
	url = {http://doi.acm.org/10.1145/2535838.2535845},
	doi = {10.1145/2535838.2535845},
	acmid = {2535845},
	publisher = {ACM},
	address = {New York, NY, USA},
	keywords = {concurrency, dynamic partial oder reduction, software model checking, source sets, systematic testing, wakeup trees},
}

@inproceedings{parrot,
	author = {Cui, Heming and Simsa, Jiri and Lin, Yi-Hong and Li, Hao and Blum, Ben and Xu, Xinan and Yang, Junfeng and Gibson, Garth A. and Bryant, Randal E.},
	title = {Parrot: A Practical Runtime for Deterministic, Stable, and Reliable Threads},
	booktitle = {Proceedings of the Twenty-Fourth ACM Symposium on Operating Systems Principles},
	series = {SOSP~'13},
	year = {2013},
	isbn = {978-1-4503-2388-8},
	location = {Farminton, Pennsylvania},
	pages = {388--405},
	numpages = {18},
	url = {http://doi.acm.org/10.1145/2517349.2522735},
	doi = {10.1145/2517349.2522735},
	acmid = {2522735},
	publisher = {ACM},
	address = {New York, NY, USA},
	keywords = {deterministic multithreading, software model checking, stable multithreading, state space reduction},
}
@misc{c0libs,
	author = {Frank Pfenning},
	title = {C0 Libraries},
	institution = {Carnegie Mellon University},
	year = {2014},
	howpublished = {\url{http://c0.typesafety.net/doc/c0-libraries.pdf}},
}
@misc{c0,
	author = {Frank Pfenning},
	title = {C0 Reference},
	institution = {Carnegie Mellon University},
	year = {2014},
	howpublished = {\url{http://c0.typesafety.net/doc/c0-reference.pdf}},
}

@article{plan9,
	author = {Pike, Rob and Presotto, Dave and Thompson, Ken and Trickey, Howard and Winterbottom, Phil},
	title = {The use of name spaces in {Plan 9}},
	journal = {SIGOPS Oper. Syst. Rev.},
	year = {1993},
}

@INPROCEEDINGS{Pike90plan9,
	author = {Rob Pike and Dave Presotto and Ken Thompson and Howard Trickey},
	title = {Plan 9 from {Bell Labs}},
	booktitle = {In Proceedings of the Summer 1990 UKUUG Conference},
	year = {1990},
	pages = {1--9}
}

@inproceedings{pintos,
	author = {Pfaff, Ben and Romano, Anthony and Back, Godmar},
	title = {The {Pintos} Instructional Operating System Kernel},
	booktitle = {Proceedings of the 40th ACM Technical Symposium on Computer Science Education},
	series = {SIGCSE~'09},
	year = {2009},
	isbn = {978-1-60558-183-5},
	location = {Chattanooga, TN, USA},
	pages = {453--457},
	numpages = {5},
	url = {http://doi.acm.org/10.1145/1508865.1509023},
	doi = {10.1145/1508865.1509023},
	acmid = {1509023},
	publisher = {ACM},
	address = {New York, NY, USA},
	keywords = {instructional kernel, instructional operating system, pintos},
}
@misc{pintos-github,
	author = {Roger Chen},
	title = {{CS 162} skeleton code for group projects},
	institution = {University of California, Berkeley},
	howpublished = {\url{https://github.com/berkeley-cs162/group0}},
	year = {2015},
}

@misc{xv6,
	author = {Russ Cox and Cliff Frey and Xiao Yu and Nickolai Zeldovich and Austin Clements},
	title = {Xv6, a simple {Unix}-like teaching operating system},
	institution = {Massachussetts Institute of Technology},
	howpublished = {\url{https://pdos.csail.mit.edu/6.828/2018/xv6.html}},
	year = {2006},
}

@misc{thrlib,
	author = {David A. Eckhardt},
	title = {Project 2: User Level Thread Library},
	institution = {Carnegie Mellon University},
	year = {2018},
	howpublished = {\url{http://www.cs.cmu.edu/~410-f18/p2/thr_lib.pdf}},
	label = {Eck18a},
}
@misc{kspec,
	author = {David A. Eckhardt},
	title = {Pebbles Kernel Specification},
	institution = {Carnegie Mellon University},
	year = {2018},
	howpublished = {\url{http://www.cs.cmu.edu/~410-f18/p2/kspec.pdf}},
	label = {Eck18b},
}

@mastersthesis{landslide,
	author = {Blum, Ben},
	title = {Landslide: Systematic Dynamic Race Detection in Kernel Space},
	school = {Carnegie Mellon University},
	month = {May},
	year = {2012},
	note = {\url{http://www.pdl.cmu.edu/PDL-FTP/associated/CMU-CS-12-118.pdf}},
	address = {Pittsburgh, PA, USA},
	number = {CMU-CS-12-118},
	label = {Blum12},
}

@misc{simics-interview,
	title = {Systematically Exposing {OS} Kernel Races - An Interview with {Ben Blum}},
	author = {Jakob Engblom},
	howpublished = {\url{http://blogs.windriver.com/tools/2012/09/systematically-exposing-os-kernel-races-an-interview-with-ben-blum.html}},
}
@book{csapp,
	author = {Bryant, Randal E. and O'Hallaron, David R.},
	title = {Computer Systems: A Programmer's Perspective},
	year = {2010},
	isbn = {0136108040, 9780136108047},
	edition = {2nd},
	publisher = {Addison-Wesley Publishing Company},
	address = {USA},
}
@inproceedings{sigcse01:CSaPP,
	key	=	"" ,
	author	=	"Randal E. Bryant and David R. O'Hallaron" ,
	title	=	"Introducing Computer Systems From a Programmer's Perspective" ,
	publisher=	"" ,
	organization=	"ACM" ,
	booktitle=	"Proceedings of the 32nd Technical Symposium on Computer Science Education (SIGCSE)" ,
	month	=	feb ,
	year	=	"2001" ,
	address	=	"Charlotte, NC" ,
}

@article{SewellSOZNM:x86tso-cacm10,
	author    = {Peter Sewell and
	             Susmit Sarkar and
	             Scott Owens and
	             Zappa Nardelli, Francesco and
	             Magnus O. Myreen},
	title     = {{x86-TSO}: a rigorous and usable programmer's model for x86 multiprocessors},
	journal   = {Communications of the {ACM}},
	volume    = {53},
	number    = {7},
	year      = {2010},
	month     = jul,
	pages     = {89--97},
	issn      = {0001-0782},
	publisher = {{ACM}},
	address   = {New York, New York, USA},
	doi       = {10.1145/1785414.1785443},
}

@inproceedings{DBLP:conf/usenix/AccettaBBGRTY86,
		author    = {Michael J. Accetta and
		             Robert V. Baron and
		             William J. Bolosky and
		             David B. Golub and
		             Richard F. Rashid and
		             Avadis Tevanian and
		             Michael Young},
		title     = {Mach: A New Kernel Foundation for {UNIX} Development},
		booktitle = {USENIX Summer},
		year      = {1986},
		pages     = {93-113},
		bibsource = {DBLP, http://dblp.uni-trier.de}
}

@article{SIMFLEX,
	title = {{SIMFLEX}: A Fast, Accurate, Flexible Full-System Simulation Framework for Performance Evaluation of Server Architecture},
	author = {Hardavellas, Nikolaos and Somogyi, Stephen and Wenisch, Thomas~F. and Wunderlich, Roland E. and Chen, Shelley and Kim, Jangwoo and Falsafi, Babak and Hoe, James~C. and Nowatzyk, Andreas~G.},
	journal = {{ACM} {SIGMETRICS} Performance Evaluation Review},
	year = {2004},
}

%%%%%%%%%%%%%%%%%%%%%%%%%%%%%%%%%%%%%%%%%%%%%%%%%%%%%%%%%%%%%%%%%%%%%%%%%%%%%%%%
% Citations used in thesis below. More recent stuff above.
%%%%%%%%%%%%%%%%%%%%%%%%%%%%%%%%%%%%%%%%%%%%%%%%%%%%%%%%%%%%%%%%%%%%%%%%%%%%%%%%

@article{simics,
	author = {Magnusson, Peter S. and Christensson, Magnus and Eskilson, Jesper and Forsgren, Daniel and H{\aa}llberg, Gustav and H\"{o}gberg, Johan and Larsson, Fredrik and Moestedt, Andreas and Werner, Bengt},
	title = {Simics: A Full System Simulation Platform},
	journal = {Computer},
	issue_date = {February 2002},
	volume = {35},
	number = {2},
	month = feb,
	year = {2002},
	issn = {0018-9162},
	pages = {50--58},
	numpages = {9},
	url = {http://dx.doi.org/10.1109/2.982916},
	doi = {10.1109/2.982916},
	acmid = {621909},
	publisher = {IEEE Computer Society Press},
	address = {Los Alamitos, CA, USA},
}
@misc{de0u,
	author = {Eckhardt, David},
	howpublished = {Personal communication},
	year = 2011
}
@inproceedings{dpor,
	author = {Flanagan, Cormac and Godefroid, Patrice},
	title = {Dynamic Partial-order Reduction for Model Checking Software},
	booktitle = {Proceedings of the 32nd ACM SIGPLAN-SIGACT Symposium on Principles of Programming Languages},
	series = {POPL~'05},
	year = {2005},
	isbn = {1-58113-830-X},
	location = {Long Beach, California, USA},
	pages = {110--121},
	numpages = {12},
	url = {http://doi.acm.org/10.1145/1040305.1040315},
	doi = {10.1145/1040305.1040315},
	acmid = {1040315},
	publisher = {ACM},
	address = {New York, NY, USA},
	keywords = {partial-order reduction, software model checking},
}
@inproceedings{sdpor,
	author = {Yang, Yu and Chen, Xiaofang and Gopalakrishnan, Ganesh and Kirby, Robert M.},
	title = {{Efficient Stateful Dynamic Partial Order Reduction}},
	booktitle = {Proceedings of the 15th international workshop on Model Checking Software},
	series = {SPIN~'08},
	year = {2008},
	isbn = {978-3-540-85113-4},
	location = {Los Angeles, CA, USA},
	pages = {288--305},
	numpages = {18},
	url = {http://dx.doi.org/10.1007/978-3-540-85114-1_20},
	doi = {10.1007/978-3-540-85114-1_20},
	acmid = {1429100},
	publisher = {Springer-Verlag},
	address = {Berlin, Heidelberg},
}
@techreport{dbug-retreat,
	author = {Jiri Simsa and Randy Bryant and Garth Gibson and Jason Hickey},
	title = {{Efficient Exploratory Testing of Concurrent Systems}},
	institution = {Carnegie Mellon University},
	month = {November},
	year = {2011},
	volume = {113},
	note = {\url{http://www.pdl.cmu.edu/PDL-FTP/associated/CMU-PDL-11-113.pdf}},
	number = {CMU-PDL-11-113},
}
@inproceedings{dbug-ssv,
	author = {Simsa, Jiri and Bryant, Randy and Gibson, Garth},
	title = {{dBug}: Systematic Evaluation of Distributed Systems},
	booktitle = {Proceedings of the 5th International Conference on Systems Software Verification},
	series = {SSV~'10},
	year = {2010},
	location = {Voncouver, BC, Canada},
	pages = {3--3},
	numpages = {1},
	url = {http://dl.acm.org/citation.cfm?id=1929004.1929007},
	acmid = {1929007},
	publisher = {USENIX Association},
	address = {Berkeley, CA, USA},
}
@inproceedings{distributed-dpor,
	author = {Yang, Yu and Chen, Xiaofang and Gopalakrishnan, Ganesh and Kirby, Robert M.},
	title = {Distributed dynamic partial order reduction based verification of threaded software},
	booktitle = {Proceedings of the 14th international SPIN conference on Model checking software},
	year = {2007},
	isbn = {978-3-540-73369-0},
	location = {Berlin, Germany},
	pages = {58--75},
	numpages = {18},
	url = {http://dl.acm.org/citation.cfm?id=1770532.1770541},
	acmid = {1770541},
	publisher = {Springer-Verlag},
	address = {Berlin, Heidelberg},
}
@inproceedings{verisoft,
	author = {Godefroid, Patrice},
	title = {{VeriSoft}: A Tool for the Automatic Analysis of Concurrent Reactive Software},
	booktitle = {Proceedings of the 9th International Conference on Computer Aided Verification},
	series = {CAV~'97},
	year = {1997},
	isbn = {3-540-63166-6},
	pages = {476--479},
	numpages = {4},
	url = {http://dl.acm.org/citation.cfm?id=647766.733607},
	acmid = {733607},
	publisher = {Springer-Verlag},
	address = {London, UK, UK},
}
@inproceedings{valgrind,
	author = {Nethercote, Nicholas and Seward, Julian},
	title = {Valgrind: a framework for heavyweight dynamic binary instrumentation},
	booktitle = {Proceedings of the 2007 ACM SIGPLAN conference on Programming language design and implementation},
	series = {PLDI~'07},
	year = {2007},
	isbn = {978-1-59593-633-2},
	location = {San Diego, California, USA},
	pages = {89--100},
	numpages = {12},
	url = {http://doi.acm.org/10.1145/1250734.1250746},
	doi = {10.1145/1250734.1250746},
	acmid = {1250746},
	publisher = {ACM},
	address = {New York, NY, USA},
	keywords = {Memcheck, Valgrind, dynamic binary analysis, dynamic binary instrumentation, shadow values},
}

@inproceedings{simtester,
	author = {Yu, Tingting and Srisa-an, Witawas and Rothermel, Gregg},
	title = {{SimTester: a controllable and observable testing framework for embedded systems}},
	booktitle = {Proceedings of the 8th ACM SIGPLAN/SIGOPS conference on Virtual Execution Environments},
	series = {VEE~'12},
	year = {2012},
	isbn = {978-1-4503-1176-2},
	location = {London, England, UK},
	pages = {51--62},
	numpages = {12},
	url = {http://doi.acm.org/10.1145/2151024.2151034},
	doi = {10.1145/2151024.2151034},
	acmid = {2151034},
	publisher = {ACM},
	address = {New York, NY, USA},
	keywords = {concurrency, device drivers, kernels, testing},
	label = {YSR12},
}

@inproceedings{racepro,
	author = {Laadan, Oren and Viennot, Nicolas and Tsai, Chia-Che and Blinn, Chris and Yang, Junfeng and Nieh, Jason},
	title = {Pervasive detection of process races in deployed systems},
	booktitle = {Proceedings of the Twenty-Third ACM Symposium on Operating Systems Principles},
	series = {SOSP~'11},
	year = {2011},
	isbn = {978-1-4503-0977-6},
	location = {Cascais, Portugal},
	pages = {353--367},
	numpages = {15},
	url = {http://doi.acm.org/10.1145/2043556.2043589},
	doi = {10.1145/2043556.2043589},
	acmid = {2043589},
	publisher = {ACM},
	address = {New York, NY, USA},
	keywords = {debugging, model checking, race detection, record-replay},
}
@inproceedings{chess-icb,
	author = {Musuvathi, Madanlal and Qadeer, Shaz},
	title = {Iterative Context Bounding for Systematic Testing of Multithreaded Programs},
	booktitle = {Proceedings of the 28th ACM SIGPLAN Conference on Programming Language Design and Implementation},
	series = {PLDI~'07},
	year = {2007},
	isbn = {978-1-59593-633-2},
	location = {San Diego, California, USA},
	pages = {446--455},
	numpages = {10},
	url = {http://doi.acm.org/10.1145/1250734.1250785},
	doi = {10.1145/1250734.1250785},
	acmid = {1250785},
	publisher = {ACM},
	address = {New York, NY, USA},
	keywords = {concurrency, context-bounding, model checking, multithreading, partial-order reduction, shared-memory programs, software testing},
}
@inproceedings{chess,
	author = {Musuvathi, Madanlal and Qadeer, Shaz and Ball, Thomas and Basler, Gerard and Nainar, Piramanayagam Arumuga and Neamtiu, Iulian},
	title = {Finding and Reproducing {Heisenbugs} in Concurrent Programs},
	booktitle = {Proceedings of the 8th USENIX Conference on Operating Systems Design and Implementation},
	series = {OSDI~'08},
	year = {2008},
	location = {San Diego, California},
	pages = {267--280},
	numpages = {14},
	url = {http://dl.acm.org/citation.cfm?id=1855741.1855760},
	acmid = {1855760},
	publisher = {USENIX Association},
	address = {Berkeley, CA, USA},
}
@inproceedings{klee,
	author = {Cadar, Cristian and Dunbar, Daniel and Engler, Dawson},
	title = {{KLEE: unassisted and automatic generation of high-coverage tests for complex systems programs}},
	booktitle = {Proceedings of the 8th USENIX conference on Operating Systems Design and Implementation},
	series = {OSDI~'08},
	year = {2008},
	location = {San Diego, California},
	pages = {209--224},
	numpages = {16},
	url = {http://dl.acm.org/citation.cfm?id=1855741.1855756},
	acmid = {1855756},
	publisher = {USENIX Association},
	address = {Berkeley, CA, USA},
}
@inproceedings{deviant-bugs,
	author = {Engler, Dawson and Chen, David Yu and Hallem, Seth and Chou, Andy and Chelf, Benjamin},
	title = {Bugs as deviant behavior: a general approach to inferring errors in systems code},
	booktitle = {Proceedings of the eighteenth ACM Symposium on Operating Systems Principles},
	series = {SOSP~'01},
	year = {2001},
	isbn = {1-58113-389-8},
	location = {Banff, Alberta, Canada},
	pages = {57--72},
	numpages = {16},
	url = {http://doi.acm.org/10.1145/502034.502041},
	doi = {10.1145/502034.502041},
	acmid = {502041},
	publisher = {ACM},
	address = {New York, NY, USA},
}
@misc{dawson,
	author = {Engler, Dawson},
	howpublished = {Personal communication},
	year = 2012
}
@inproceedings{aeg,
	author = {Thanassis Avgerinos and Sang Kil Cha and Brent Lim Tze Hao and David Brumley},
	title = {{AEG: Automatic Exploit Generation}},
	booktitle = {Network and Distributed System Security Symposium},
	month = feb,
	year = {2011}
}
@article{symbolic,
	author = {King, James C.},
	title = {Symbolic execution and program testing},
	journal = {Commun. ACM},
	issue_date = {July 1976},
	volume = {19},
	number = {7},
	month = jul,
	year = {1976},
	issn = {0001-0782},
	pages = {385--394},
	numpages = {10},
	url = {http://doi.acm.org/10.1145/360248.360252},
	doi = {10.1145/360248.360252},
	acmid = {360252},
	publisher = {ACM},
	address = {New York, NY, USA},
	keywords = {program debugging, program proving, program testing, program verification, symbolic execution, symbolic interpretation},
}
@inproceedings{symbolic-disks,
	author = {Yang, Junfeng and Sar, Can and Twohey, Paul and Cadar, Cristian and Engler, Dawson},
	title = {{Automatically Generating Malicious Disks using Symbolic Execution}},
	booktitle = {Proceedings of the 2006 IEEE Symposium on Security and Privacy},
	series = {SP~'06},
	year = {2006},
	isbn = {0-7695-2574-1},
	pages = {243--257},
	numpages = {15},
	url = {http://dx.doi.org/10.1109/SP.2006.7},
	doi = {10.1109/SP.2006.7},
	acmid = {1130377},
	publisher = {IEEE Computer Society},
	address = {Washington, DC, USA},
}
@inproceedings{dag-mining,
	author = {Seo, Eunsoo and Khan, Mohammad Maifi Hasan and Mohapatra, Prasant and Han, Jiawei and Abdelzaher, Tarek},
	title = {{Exposing Complex Bug-Triggering Conditions in Distributed Systems via Graph Mining}},
	booktitle = {Proceedings of the 2011 International Conference on Parallel Processing},
	series = {ICPP~'11},
	year = {2011},
	isbn = {978-0-7695-4510-3},
	pages = {186--195},
	numpages = {10},
	url = {http://dx.doi.org/10.1109/ICPP.2011.62},
	doi = {10.1109/ICPP.2011.62},
	acmid = {2066952},
	publisher = {IEEE Computer Society},
	address = {Washington, DC, USA},
	keywords = {Fault diagnosis, Software debugging, Data mining},
}
@inproceedings{racetrack,
	author = {Yu, Yuan and Rodeheffer, Tom and Chen, Wei},
	title = {{RaceTrack: efficient detection of data race conditions via adaptive tracking}},
	booktitle = {Proceedings of the twentieth ACM symposium on Operating systems principles},
	series = {SOSP~'05},
	year = {2005},
	isbn = {1-59593-079-5},
	location = {Brighton, United Kingdom},
	pages = {221--234},
	numpages = {14},
	url = {http://doi.acm.org/10.1145/1095810.1095832},
	doi = {10.1145/1095810.1095832},
	acmid = {1095832},
	publisher = {ACM},
	address = {New York, NY, USA},
	keywords = {race detection, virtual machine instrumentation},
}
@inproceedings{tsan,
	author = {Serebryany, Konstantin and Iskhodzhanov, Timur},
	title = {{ThreadSanitizer}: Data Race Detection in Practice},
	booktitle = {Proceedings of the Workshop on Binary Instrumentation and Applications},
	series = {WBIA~'09},
	year = {2009},
	isbn = {978-1-60558-793-6},
	location = {New York, New York, USA},
	pages = {62--71},
	numpages = {10},
	url = {http://doi.acm.org/10.1145/1791194.1791203},
	doi = {10.1145/1791194.1791203},
	acmid = {1791203},
	publisher = {ACM},
	address = {New York, NY, USA},
	keywords = {Valgrind, concurrency bugs, dynamic data race detection, testing},
}
@inproceedings{modist,
	author = {Yang, Junfeng and Chen, Tisheng and Wu, Ming and Xu, Zhilei and Liu, Xuezheng and Lin, Haoxiang and Yang, Mao and Long, Fan and Zhang, Lintao and Zhou, Lidong},
	title = {{MODIST: transparent model checking of unmodified distributed systems}},
	booktitle = {Proceedings of the 6th USENIX symposium on Networked systems design and implementation},
	series = {NSDI~'09},
	year = {2009},
	location = {Boston, Massachusetts},
	pages = {213--228},
	numpages = {16},
	url = {http://dl.acm.org/citation.cfm?id=1558977.1558992},
	acmid = {1558992},
	publisher = {USENIX Association},
	address = {Berkeley, CA, USA},
}
@inproceedings{macemc,
	author = {Killian, Charles and Anderson, James W. and Jhala, Ranjit and Vahdat, Amin},
	title = {Life, death, and the critical transition: finding liveness bugs in systems code},
	booktitle = {Proceedings of the 4th USENIX conference on Networked systems design \& implementation},
	series = {NSDI~'07},
	year = {2007},
	location = {Cambridge, MA},
	pages = {18--18},
	numpages = {1},
	url = {http://dl.acm.org/citation.cfm?id=1973430.1973448},
	acmid = {1973448},
	publisher = {USENIX Association},
	address = {Berkeley, CA, USA},
}
@inproceedings{demeter,
	author = {Guo, Huayang and Wu, Ming and Zhou, Lidong and Hu, Gang and Yang, Junfeng and Zhang, Lintao},
	title = {Practical Software Model Checking via Dynamic Interface Reduction},
	booktitle = {Proceedings of the Twenty-Third ACM Symposium on Operating Systems Principles},
	series = {SOSP~'11},
	year = {2011},
	isbn = {978-1-4503-0977-6},
	location = {Cascais, Portugal},
	pages = {265--278},
	numpages = {14},
	url = {http://doi.acm.org/10.1145/2043556.2043582},
	doi = {10.1145/2043556.2043582},
	acmid = {2043582},
	publisher = {ACM},
	address = {New York, NY, USA},
	keywords = {dynamic interface reduction, software model checking, state space reduction},
}
@inproceedings{barrelfish,
	author = {Baumann, Andrew and Barham, Paul and Dagand, Pierre-Evariste and Harris, Tim and Isaacs, Rebecca and Peter, Simon and Roscoe, Timothy and Sch\"{u}pbach, Adrian and Singhania, Akhilesh},
	title = {{The multikernel: a new OS architecture for scalable multicore systems}},
	booktitle = {Proceedings of the ACM SIGOPS 22nd Symposium on Operating Systems Principles},
	series = {SOSP~'09},
	year = {2009},
	isbn = {978-1-60558-752-3},
	location = {Big Sky, Montana, USA},
	pages = {29--44},
	numpages = {16},
	url = {http://doi.acm.org/10.1145/1629575.1629579},
	doi = {10.1145/1629575.1629579},
	acmid = {1629579},
	publisher = {ACM},
	address = {New York, NY, USA},
	keywords = {message passing, multicore processors, scalability},
}
@inproceedings{sel4,
	author = {Klein, Gerwin and Elphinstone, Kevin and Heiser, Gernot and Andronick, June and Cock, David and Derrin, Philip and Elkaduwe, Dhammika and Engelhardt, Kai and Kolanski, Rafal and Norrish, Michael and Sewell, Thomas and Tuch, Harvey and Winwood, Simon},
	title = {{seL4: formal verification of an OS kernel}},
	booktitle = {Proceedings of the ACM SIGOPS 22nd Symposium on Operating Systems Principles},
	series = {SOSP~'09},
	year = {2009},
	isbn = {978-1-60558-752-3},
	location = {Big Sky, Montana, USA},
	pages = {207--220},
	numpages = {14},
	url = {http://doi.acm.org/10.1145/1629575.1629596},
	doi = {10.1145/1629575.1629596},
	acmid = {1629596},
	publisher = {ACM},
	address = {New York, NY, USA},
	keywords = {isabelle/hol, l4, microkernel, sel4},
}
@inproceedings{datacollider,
	author = {Erickson, John and Musuvathi, Madanlal and Burckhardt, Sebastian and Olynyk, Kirk},
	title = {Effective data-race detection for the kernel},
	booktitle = {Proceedings of the 9th USENIX conference on Operating Systems Design and Implementation},
	series = {OSDI~'10},
	year = {2010},
	location = {Vancouver, BC, Canada},
	pages = {1--16},
	numpages = {16},
	url = {http://dl.acm.org/citation.cfm?id=1924943.1924954},
	acmid = {1924954},
	publisher = {USENIX Association},
	address = {Berkeley, CA, USA},
}
@inproceedings{carburizer,
	author = {Kadav, Asim and Renzelmann, Matthew J. and Swift, Michael M.},
	title = {Tolerating hardware device failures in software},
	booktitle = {Proceedings of the ACM SIGOPS 22nd Symposium on Operating Systems Principles},
	series = {SOSP~'09},
	year = {2009},
	isbn = {978-1-60558-752-3},
	location = {Big Sky, Montana, USA},
	pages = {59--72},
	numpages = {14},
	url = {http://doi.acm.org/10.1145/1629575.1629582},
	doi = {10.1145/1629575.1629582},
	acmid = {1629582},
	publisher = {ACM},
	address = {New York, NY, USA},
	keywords = {code generation, debugging, device drivers, recovery, reliability},
}



@inproceedings{kendo,
	author = {Olszewski, Marek and Ansel, Jason and Amarasinghe, Saman},
	title = {Kendo: efficient deterministic multithreading in software},
	booktitle = {Proceedings of the 14th international conference on Architectural support for programming languages and operating systems},
	series = {ASPLOS~'09},
	year = {2009},
	isbn = {978-1-60558-406-5},
	location = {Washington, DC, USA},
	pages = {97--108},
	numpages = {12},
	url = {http://doi.acm.org/10.1145/1508244.1508256},
	doi = {10.1145/1508244.1508256},
	acmid = {1508256},
	publisher = {ACM},
	address = {New York, NY, USA},
	keywords = {debugging, determinism, deterministic multithreading, multicore, parallel programming},
}
@inproceedings{dthreads,
	author = {Liu, Tongping and Curtsinger, Charlie and Berger, Emery D.},
	title = {Dthreads: efficient deterministic multithreading},
	booktitle = {Proceedings of the Twenty-Third ACM Symposium on Operating Systems Principles},
	series = {SOSP~'11},
	year = {2011},
	isbn = {978-1-4503-0977-6},
	location = {Cascais, Portugal},
	pages = {327--336},
	numpages = {10},
	url = {http://doi.acm.org/10.1145/2043556.2043587},
	doi = {10.1145/2043556.2043587},
	acmid = {2043587},
	publisher = {ACM},
	address = {New York, NY, USA},
}
@inproceedings{coredet,
	author = {Bergan, Tom and Anderson, Owen and Devietti, Joseph and Ceze, Luis and Grossman, Dan},
	title = {{CoreDet}: A Compiler and Runtime System for Deterministic Multithreaded Execution},
	booktitle = {Proceedings of the Fifteenth Edition of ASPLOS on Architectural Support for Programming Languages and Operating Systems},
	series = {ASPLOS XV},
	year = {2010},
	isbn = {978-1-60558-839-1},
	location = {Pittsburgh, Pennsylvania, USA},
	pages = {53--64},
	numpages = {12},
	url = {http://doi.acm.org/10.1145/1736020.1736029},
	doi = {10.1145/1736020.1736029},
	acmid = {1736029},
	publisher = {ACM},
	address = {New York, NY, USA},
	keywords = {compilers, determinism, multicore, multithreading},
}
@inproceedings{peregrine,
	author = {Cui, Heming and Wu, Jingyue and Gallagher, John and Guo, Huayang and Yang, Junfeng},
	title = {Efficient deterministic multithreading through schedule relaxation},
	booktitle = {Proceedings of the Twenty-Third ACM Symposium on Operating Systems Principles},
	series = {SOSP~'11},
	year = {2011},
	isbn = {978-1-4503-0977-6},
	location = {Cascais, Portugal},
	pages = {337--351},
	numpages = {15},
	url = {http://doi.acm.org/10.1145/2043556.2043588},
	doi = {10.1145/2043556.2043588},
	acmid = {2043588},
	publisher = {ACM},
	address = {New York, NY, USA},
	keywords = {deterministic multithreading, program simplification, program slicing, symbolic execution},
}
